3112 4824
98 277 169 333 VIII

98 451 246 535 principis
278 451 409 535 receptis
442 444 629 534 apparatum
660 449 804 516 criticum
833 468 975 516 onerasse
995 452 1096 536 magis
1120 466 1213 534 quam

99 553 212 619 ditasse
233 553 383 619 uiderem.
949 608 952 614 ,

141 665 253 732 Restat
267 667 303 730 ut
317 666 355 730 de
378 664 517 751 corticum
539 665 759 749 orthographia
780 676 873 747 quom
896 664 1125 732 accuratissime
1149 666 1214 732 ois-

99 786 206 834 seram.
231 767 320 833 Hanc
342 767 468 850 quidem
490 767 589 831 multo
611 770 724 834 rectius
745 786 778 832 se
800 767 913 833 habere
935 770 967 834 in
989 793 1010 833 α
1032 785 1126 851 quam
1146 767 1216 856 inpi

98 873 223 936 nomina
248 870 371 955 propria
399 871 582 937 documento
607 873 688 937 snut.
735 869 785 937 Sic
805 889 919 937 nomen
941 869 1115 937 Gcieericm
1136 874 1170 938 in
1192 898 1213 938 a

98 992 253 1058 nusquam
277 973 426 1040 uitiatum
447 973 480 1037 in
501 971 561 1038 Pb
588 975 671 1040 uarie
700 973 856 1040 scribitur.
898 974 1071 1057 5555551555
1097 974 1213 1040 habent

87 1073 156 1155 ,Po
189 1076 214 1157 Ι,
240 1075 289 1156 12,
315 1077 363 1152 19,
386 1076 437 1160 39,
466 1075 518 1154 51,
545 1075 564 1139 5
587 1076 674 1155 alias,
706 1075 747 1142 ut
778 1076 804 1156 Ι,
827 1077 878 1157 20,
911 1077 964 1155 21,
996 1077 1049 1156 24,
1083 1077 1134 1157 33,
1162 1078 1213 1155 37,

96 1179 148 1258 43,
171 1179 214 1258 ΙΙ,
239 1181 268 1263 1,
293 1180 342 1258 13,
367 1179 417 1256 14,
442 1180 491 1256 15,
514 1178 573 1258 ΠΙ,
595 1180 648 1246 25.
663 1177 696 1243 Ρ
715 1197 799 1258 uero,
827 1180 877 1245 cui
903 1177 1056 1266 consentit
1077 1181 1118 1259 R,
1146 1182 1213 1264 ple-

96 1301 224 1365 rumque
256 1274 391 1362 'praebet
425 1266 557 1347 formam
590 1280 763 1364 papsirione
796 1281 836 1367 (I,
865 1282 894 1360 2,
925 1283 977 1360 20,
1005 1282 1057 1363 24,
1086 1283 1137 1368 37,
1160 1283 1212 1362 43,

95 1384 137 1465 ΙΙ,
162 1385 190 1460 1,
215 1383 264 1461 14,
289 1384 338 1462 15,
361 1383 420 1461 ΠΙ,
443 1382 494 1465 25,
517 1383 583 1466 33),
607 1384 654 1448 515
676 1383 772 1448 habet
791 1384 926 1467 patricae
948 1385 988 1469 (Ι,
1012 1385 1063 1469 21,
1086 1386 1129 1465 ΙΙ,
1147 1387 1213 1471 13),

96 1485 194 1552 semel
209 1488 332 1551 tantum
347 1490 429 1551 recte
441 1486 581 1569 petrariae·
596 1485 636 1570 (I,
653 1484 719 1571 33).
738 1486 882 1554 Aliorum
897 1487 1058 1554 nominum
1074 1489 1214 1572 exempla

96 1591 130 1657 in
145 1589 404 1655 commentatione
419 1606 490 1653 mea
503 1608 533 1672 p.
550 1589 612 1654 649
624 1607 668 1671 sq.
684 1589 762 1654 dedi.
791 1589 908 1656 Similis
923 1593 1000 1657 ratio
1015 1590 1095 1656 inter
1110 1615 1131 1655 α
1147 1592 1178 1655 55
1192 1597 1214 1675 β

98 1695 192 1758 etiam
215 1695 246 1758 in
268 1693 378 1757 ceteris
400 1693 569 1759 scribendis
592 1691 767 1757 intercedit.
805 1692 936 1758 Minime
958 1693 1145 1760 deformatus
1167 1694 1214 1759 est

95 1797 140 1882 B,
163 1796 216 1878 qui
243 1814 363 1880 semper
393 1799 474 1862 recte
503 1796 596 1860 habet
626 1795 802 1882 procincta
833 1796 987 1859 rotasiam
1017 1796 1213 1862 sollemnitas

95 1899 247 1965 mantiam
269 1898 406 1963 oboedire
430 1899 549 1962 sociam
579 1918 728 1980 araneam
758 1916 989 1980 nonnumquam
1011 1899 1107 1964 etiam
1129 1890 1211 1965 solue

95 2020 201 2068 ueram
234 2002 419 2083 scripturam
451 2003 587 2067 seruauit
608 2003 644 2066 ut
666 2001 706 2083 ΙΙ,
730 2003 769 2065 31
795 2001 999 2068 incastarnm.
1043 2003 1111 2066 Iam
1140 2021 1211 2067 uero

96 2105 288 2188 singulorum
299 2105 448 2171 librorum
463 2095 575 2170 menda
591 2105 835 2189 orthographica,
852 2103 962 2186 quibus
975 2108 1211 2170 commentarios

95 2226 220 2275 onerare
242 2208 338 2287 nolui,
362 2207 506 2272 hocloco
529 2226 678 2291 exponere
700 2207 789 2278 libet.

139 2326 257 2394 Codicis
277 2327 311 2393 B
334 2328 413 2394 uitia
438 2328 527 2412 longe
551 2330 687 2412 plurima
712 2330 746 2393 in
771 2329 1013 2395 commutatione
1033 2329 1210 2395 l'tterarum

94 2451 117 2510 5,
135 2452 160 2516 a,
176 2451 212 2495 aa
227 2430 406 2495 consistunt.
423 2430 580 2514 Leguntur
596 2432 701 2513 itaque
713 2431 746 2495 in
758 2449 792 2496 eo
808 2449 899 2495 55555
913 2430 1105 2495 nomitatim
1118 2445 1211 2511 opnor

95 2534 179 2598 5555
200 2531 298 2614 africe
319 2534 421 2613 sepiae
444 2534 554 2617 (fere),
570 2535 646 2599 item
664 2535 835 2615 praccipaa
863 2552 967 2614 opreas
986 2532 1062 2614 fidoi
1077 2534 1210 2614 propria

98 2637 183 2719 (fere)
204 2639 298 2716 patra
315 2635 454 2716 penitae,
479 2640 510 2700 55
533 2637 669 2720 similin3
698 2657 734 2701 55
755 2656 810 2719 pro
833 2657 848 2701 5
870 2637 918 2702 515
940 2638 1079 2702 tantum:
1102 2637 1144 2717 ΙΙ,
1168 2635 1209 2702 66

93 2737 307 2819 5555155555,
322 2737 382 2823 ΠΙ,
400 2737 440 2802 15
455 2738 582 2805 555515.
606 2740 709 2805 Multo
724 2740 824 2817 rarius
840 2760 881 2820 55,
897 2761 921 2819 5,
939 2760 954 2820 p
969 2739 1209 2820 confunduntur,

95 2840 177 2919 551,
202 2841 250 2919 18,
274 2841 317 2920 ΙΙ,
342 2842 381 2904 12
408 2844 498 2922 capit,
527 2843 573 2920 Π,
593 2844 633 2908 28
662 2847 818 2924 ceperant,
845 2842 907 2921 ΙΙΙ,
929 2843 970 2909 29
993 2843 1080 2924 capit,
1109 2842 1168 2924 ΙΙΙ,
1191 2845 1211 2909 9

11 2940 16 2953 “
90 2943 234 3025 peanitas
256 2945 287 3008 et
304 2963 400 3023 pana.
444 2945 608 3012 Praeterea
635 2948 771 3012 notanda
798 2949 871 3011 sunt
892 2947 917 3024 Ι,
942 2946 963 3010 3
983 2945 1209 3028 spatiositatem,

93 3047 136 3127 ΙΙ,
162 3046 201 3110 18
224 3047 392 3127 presbiter,
428 3049 489 3132 III,
511 3048 531 3113 8
556 3048 756 3129 prestiterat,
795 3049 854 3127 ΙΠ,
877 3049 918 3113 29
947 3048 1103 3125 misteria,
1140 3046 1210 3123 Ι,8

92 3147 275 3232 5555555155
281 3199 290 3232 ,
328 3150 354 3232 Ι,
379 3148 419 3214 12
451 3149 679 3232 obartapincm,
718 3151 760 3224 ΙΙ,
783 3149 824 3214 27
852 3149 1047 3241 cbartapini3
1085 3153 1211 3232 cartapc

93 3250 159 3337 sine
192 3251 378 3336 aspiratione
412 3252 563 3337 scriptum
596 3254 645 3320 est
672 3253 698 3338 Ι,
720 3252 772 3336 29,
794 3252 846 3332 44,
876 3252 917 3334 ΙΙ,
940 3252 990 3336 47,
1021 3252 1089 3337 ΙΠ,
1104 3253 1134 3332 2,
1160 3253 1209 3335 14,

92 3355 144 3439 39,
172 3356 231 3422 53.»

134 3464 334 3531 Communem
363 3465 513 3549 originem
534 3465 689 3532 librorum
720 3465 786 3533 VO
794 3465 938 3532 iii-haec·
954 3468 1104 3550 produnt:
1138 3468 1164 3544 I,-
1188 3466 1207 3528 7Ι

92 3569 235 3648 canicies,
268 3569 294 3648 1,
326 3570 364 3636 16
393 3573 424 3634 55
450 3569 537 3634 Pass.
562 3570 600 3661 11
630 3570 867 3650 sollempnitate,
902 3573 926 3648 Ι,
948 3570 991 3636 29
1016 3568 1206 3650 poematica,

89 3669 148 3747 ΠΙ,
172 3671 212 3737 62
234 3670 549 3753 condempnationem,
576 3672 664 3741 Paos.
689 3673 728 3738 16
750 3675 856 3739 monia
877 3673 1059 3755 omniorum,
1082 3673 1208 3753 cartapo

90 3773 202 3856 absque
224 3775 296 3854 51,
322 3774 376 3851 12,
398 3774 456 3853 44,
479 3776 537 3858 51,
566 3775 617 3856 ΙΙ,
640 3777 679 3857 3,
702 3776 757 3855 27,
780 3775 897 3858 ΙΠ,2,
917 3775 973 3855 14,
998 3775 1052 3854 15,
1075 3772 1134 3853 27,
1156 3772 1207 3839 53.

93 3913 130 3926 -
162 3875 227 3942 Vc
243 3878 418 3944 eommunia
450 3878 566 3945 habent
594 3880 682 3945 haec:
716 3880 912 3962 Linquor,
940 3880 966 3956 Ι,
991 3877 1030 3942 16
1051 3875 1208 3955 martiris,

90 3979 115 4056 Ι,
140 3979 179 4044 18
201 3980 291 4062 ccpit,
313 3981 567 4065 5255515555,
589 3983 632 4062 11,
658 3983 879 4064 1555555555,
902 3980 946 4058 11,
964 3980 1003 4045 16
1018 3978 1206 4060 rabamonte,

89 4080 133 4164 ΙΙ,
161 4082 203 4147 46
225 4085 257 4147 55
277 4082 336 4166 ΙΙΙ,
371 4083 411 4149 38
434 4084 552 4165 cubam,
585 4087 628 4168 H,
658 4087 720 4152 100
741 4085 899 4161 misteriis,
933 4081 993 4161 III,
1022 4080 1042 4146 8
1064 4080 1205 4163 panitas,

88 4183 174 4254 Paos.
197 4185 378 4266 31555555,
400 4184 442 4265 ΙΙ,
466 4187 508 4253 60
530 4191 561 4254 55
584 4188 623 4253 67
647 4188 873 4271 enaanpciista.
895 4219 939 4234 -
961 4183 1002 4249 m
1023 4183 1056 4249 in
1079 4181 1149 4250 Vet
1170 4183 1204 4247 in
