3112 4824
292 281 353 346 46.
684 277 837 333 Uictoris
857 275 1015 332 Uitensis

253 519 257 525 .
292 485 358 532 esse
386 466 526 531 locutum
554 466 716 531 manifesto
744 465 903 549 nouimus;
932 466 1021 530 modo
1056 481 1196 529 excusare
1225 483 1286 529 non
1307 465 1406 542 debes,

293 569 476 652 praesertim
499 571 571 651 quia
592 572 628 634 tu
650 569 742 635 huius
764 571 808 635 rei
829 571 1007 636 incendium
1030 555 1209 634 suscitasti'.
1236 567 1277 631 Et
1299 566 1408 633 uidens

293 673 461 738 catholicos
481 671 637 755 episcopos
653 674 692 737 ad
709 673 887 738 conflictum
905 672 1006 755 magis
1022 671 1118 736 fuisse
1132 670 1266 752 paratos,
1283 670 1407 734 omniuo

291 775 482 841 audientiam
505 775 632 841 diuersis
655 776 905 842 cauillationibus
921 774 1097 839 declinarit.
1121 771 1209 852 Quod
1224 772 1296 837 ante
1309 773 1408 837 nostri

290 877 505 959 praeuidentes
538 877 681 943 libellum
716 880 752 943 de
785 879 846 943 fide
881 878 1124 960 conscripserant
1157 877 1232 940 satis
1266 875 1442 940 docenters

291 978 538 1062 sufficienterque
567 981 787 1061 conscriptum,
823 981 974 1046 dicentes:
1008 977 1044 1042 ‘si
1073 978 1212 1043 nostram
1240 978 1331 1042 fidem
1356 995 1406 1042 eo-

290 1099 435 1166 gnoscere
458 1082 648 1164 desideratis,
672 1083 747 1147 haec
771 1087 818 1148 est
841 1082 957 1148 ueritas
980 1100 1074 1164 quam
1095 1081 1257 1146 tenemus'.

530 1488 673 1572 LIBER
699 1488 829 1572 droul
856 1486 1164 1571 onufloulonn.

238 1698 280 1763 56
334 1693 406 1777 (ΙΙΙ,
425 1696 455 1775 1)
481 1693 591 1777 Regali
606 1695 736 1776 imperio
752 1694 824 1759 fidei
841 1693 1021 1773 catholicae,
1038 1711 1131 1774 quam
1147 1695 1298 1770 tenemus,
1314 1711 1405 1774 prae-

290 1796 421 1880 cipimur
442 1797 570 1862 reddere
592 1797 760 1875 rationem;
783 1797 911 1878 ideoque
933 1795 1130 1880 adgredimur
1152 1814 1208 1876 pro
1230 1799 1440 1861 nostrarum10

289 1900 403 1963 uirium
425 1899 647 1977 mediocritate,
671 1898 777 1964 diuino
800 1899 873 1964 fulti
893 1898 1055 1977 adiutorio,
1080 1900 1159 1980 quod
1182 1898 1332 1964 credimus
1355 1900 1405 1963 uel

288 2002 510 2084 praedicamus,
544 2002 681 2067 breuiter
714 2001 870 2066 intimare.
910 2001 1051 2066 Primum
1085 1999 1182 2084 igitur
1216 2001 1254 2065 de
1283 1999 1404 2065 unitate

289 2105 482 2170 substantiae
504 2107 602 2187 patris
626 2108 656 2169 et
678 2104 751 2181 filii,
783 2106 863 2185 quod
885 2102 995 2170 Graeci
1019 2105 1176 2169 omousion
1199 2103 1323 2181 dieunt,
1353 2123 1404 2167 ex-

288 2209 461 2290 ponendum
483 2208 571 2274 nobis
595 2227 659 2273 esse
688 2209 907 2291 cognoscimus.
946 2209 1071 2272 Patrem
1101 2224 1173 2288 ergo
1196 2209 1227 2269 et
1249 2205 1349 2271 filium
1374 2211 1404 2270 et

289 2309 433 2392 spiritum
461 2313 603 2375 sanetum
632 2312 677 2375 ita
704 2312 738 2375 in
768 2311 889 2377 unitate
924 2311 1049 2375 deitatis
1080 2308 1276 2390 profitemur,
1310 2310 1345 2372 ut
1374 2312 1438 2374 etna

288 2417 406 2489 patrem
428 2413 460 2478 in
483 2432 538 2478 sua
559 2414 757 2497 proprietatis
780 2432 910 2495 persona
931 2412 1100 2478 subsistere
1124 2415 1154 2476 et
1169 2411 1269 2476 filium
1291 2411 1403 2475 nihilo-

288 2515 389 2580 minus
411 2517 444 2581 in
466 2516 591 2597 propria
613 2517 715 2580 extare
738 2534 869 2598 persona
892 2515 984 2596 atque
1006 2514 1151 2597 spiritum
1169 2513 1310 2579 sanctum
1332 2533 1403 2596 per-

288 2636 380 2681 sonae
408 2637 480 2682 suae
508 2619 728 2699 proprietatem
757 2617 891 2683 retinere
917 2617 1001 2683 fideli
1032 2617 1220 2682 confessione
1242 2617 1403 2693 fateamur,

288 2739 348 2784 non
370 2720 500 2784 eundem
523 2724 693 2785 asserentes
715 2721 837 2801 patrem
854 2739 943 2801 quem
966 2719 1068 2784 filium
1088 2738 1187 2800 neque
1208 2718 1307 2783 filium
1331 2738 1403 2783 ccu-

287 2823 409 2887 fitentes
432 2823 484 2905 qui
505 2828 593 2904 pater
614 2823 657 2886 sit
679 2828 732 2888 aut
755 2823 882 2907 spiritus
906 2826 1046 2902 sanctus,
1069 2842 1167 2904 neque
1189 2823 1236 2887 ita
1258 2821 1437 2902 spiritumrc

287 2928 428 2990 sanctum
451 2927 620 3007 accipimus
642 2928 678 2989 ut
703 2931 757 2991 aut
780 2930 868 3008 pater
890 2928 932 2990 sit
954 2930 1008 2990 aut
1030 2925 1128 2990 filius:
1153 2925 1203 2989 sed
1226 2922 1401 3007 ingenitum

340 3183 353 3234 1
381 3180 523 3234 manifeste
553 3181 589 3235 W
591 3181 655 3250 Mod
763 3180 880 3234 excusari
906 3198 925 3235 a
1035 3182 1052 3235 5
1079 3181 1290 3249 conscripserunt
1317 3181 1334 3248 β

288 3267 302 3318 1
321 3268 449 3320 tenemus.
469 3265 586 3335 Explicit
598 3265 665 3319 liber
677 3266 706 3320 11
720 3268 780 3330 (om.
794 3267 831 3320 M
832 3282 845 3320 a
852 3268 888 3335 β).
906 3266 1007 3333 Incipit
1018 3265 1086 3319 liber
1098 3265 1158 3320 fidei
1172 3265 1317 3320 catholicae
1330 3267 1402 3334 (fidei

287 3351 432 3405 catholicae
450 3352 517 3405 liber
539 3352 617 3418 VOe)
635 3351 824 3421 BVOWscd.
852 3351 931 3405 Liber
949 3352 1045 3419 incipit
1067 3351 1129 3404 fidei
1147 3351 1291 3406 catholicae
1308 3353 1344 3405 M

338 3488 410 3540 A:
421 3488 546 3541 lectiones
564 3489 662 3542 codicis
680 3489 877 3543 Laadnaueuse's
894 3492 944 3542 113
961 3504 983 3544 a.
996 3488 1053 3554 IX,
1072 3489 1105 3541 ab
1124 3489 1235 3544 Halmio
1253 3491 1350 3544 collati.

339 3591 438 3658 Incipit
457 3590 563 3643 libellus
580 3591 760 3660 episcopcrum
778 3591 968 3646 catholicorum
988 3591 1021 3644 ad
1038 3591 1193 3645 hunericum
1212 3607 1300 3660 regem
1318 3608 1402 3645 uuan-

288 3676 405 3730 dalorum
429 3676 521 3729 datum
538 3678 565 3728 A
679 3676 835 3730 9tenemur
852 3676 910 3730 BV
1023 3677 1052 3728 11
1077 3676 1175 3730 auxilio
1192 3677 1219 3729 A
1336 3691 1402 3744 quae

287 3762 314 3815 A
418 3762 450 3814 12
468 3760 561 3814 leuiter
578 3761 625 3815 Po
729 3763 761 3815 13
780 3762 933 3815 homousion
952 3764 979 3814 A
997 3777 1101 3829 semper
1120 3767 1145 3814 et
1161 3778 1179 3814 a
1190 3761 1233 3814 iric
1259 3777 1400 3830 omousyon

277 3847 328 3900 ·W
429 3848 462 3900 14
487 3847 668 3915 cognoscimur
695 3848 721 3901 A
824 3848 856 3900 16
882 3847 1042 3915 proprietate
1064 3848 1229 3915 personaed
1332 3847 1401 3900 nihil

286 3931 411 3984 hominus
432 3931 521 4002 Wo-
587 3933 619 3986 17
637 3934 750 3986 excitare
768 3933 825 3987 1⁷0¹
929 3932 961 3986 18
979 3931 1140 4001 proprietate
1163 3933 1195 3986 0²
1291 3933 1402 3985 retineri

286 4015 386 4069 BVOs
499 4019 531 4071 19
551 4021 694 4072 asserentes
711 4020 778 4072 mei:
806 4018 953 4072 adserentes
971 4017 1102 4072 Halmius
1204 4034 1286 4086 neque
1303 4017 1399 4084 filium]

288 4114 373 4167 neque
391 4101 500 4155 eundem
518 4103 604 4156 filium
622 4104 648 4156 A
752 4104 785 4158 20
804 4104 862 4172 qui]
880 4105 943 4172 quia
961 4104 1015 4158 PR
1115 4105 1152 4157 sit
1169 4120 1219 4158 om.
1237 4104 1264 4156 A
1362 4105 1402 4155 ita

286 4188 372 4254 onad
