3112 4824
251 228 292 294 62
651 221 805 277 Uictoris
823 219 984 276 Uitensis

251 435 288 482 er
310 416 367 482 hoc
390 415 594 481 manifestum
617 417 680 493 est,
709 431 780 478 oum
802 414 936 478 obscura
956 409 1087 477 consilia
1108 410 1295 477 Iudaeorum
1316 409 1382 474 tra·

252 522 367 586 ducens
400 518 540 584 dicebat:
576 515 670 599 quid
705 513 905 598 cogitatis
939 532 1105 597 nequam
1133 512 1172 579 in
1195 511 1382 578 cordibus

111 611 113 616 ’
202 621 423 689 85uestris?
458 618 611 687 Similiter
643 620 798 701 praescire
833 618 937 683 omnia
969 616 1117 700 spiritum
1149 618 1294 683 sanctum
1317 615 1382 697 ipse

252 724 467 790 manifestauit
502 724 607 788 dicens
641 722 681 786 ad
706 721 875 804 apostolos:
909 739 994 787 cum
1023 718 1179 786 uenerit
1211 717 1382 802 spiritus

252 828 462 904 ueritatis,
486 825 645 892 docebit
666 841 733 889 nos
756 825 883 889 omnia
912 824 951 888 et
977 823 1146 889 uentura
1175 820 1417 887 adnuntia-⁵

252 931 312 996 bit
333 930 456 996 uobis.
480 929 540 1011 Qui
563 929 696 992 uentura
718 926 863 992 nuntiare
885 925 1075 1009 perhibetur,
1099 924 1255 1009 praescire
1278 925 1383 990 omnia

252 1049 314 1097 uon
348 1032 519 1110 dubitetur,
555 1030 628 1114 quia
660 1030 727 1112 ipse
759 1029 916 1096 scrutatur
939 1028 1122 1094 altitudines
1157 1029 1207 1094 dei
1241 1030 1272 1094 et
1294 1029 1383 1095 nouit

253 1137 358 1200 omnia
379 1154 457 1219 quae
480 1135 513 1200 in
535 1137 592 1200 deo
614 1135 697 1210 suut,
733 1134 813 1198 sicut
834 1135 988 1210 memorat
1010 1131 1126 1198 Paulus
1149 1131 1272 1199 dicens:
1306 1132 1382 1215 spi·

252 1238 356 1303 ritus
381 1239 482 1303 euim
504 1238 632 1303 omnia
652 1235 874 1315 scrutatur,
901 1235 1027 1301 etiam
1049 1233 1295 1302 altitudines
1311 1236 1382 1303 dei.

253 1339 336 1406 Item
369 1342 403 1405 in
438 1341 545 1406 eodem
567 1339 649 1404 loco:
683 1337 790 1402 sicut
821 1354 929 1402 nemo
963 1337 1038 1404 scit
1066 1338 1265 1403 homiuum
1286 1357 1417 1422 quaero

252 1445 344 1508 suut
382 1442 567 1522 hominis,
601 1439 678 1506 uisi
712 1440 882 1523 spiritus
919 1438 985 1522 qui
1016 1439 1058 1504 in
1093 1441 1178 1525 ipso
1217 1444 1291 1519 est,
1324 1442 1383 1506 ita

253 1563 362 1611 nemo
384 1545 463 1611 soit
483 1563 579 1628 qnae
601 1546 692 1609 suut
716 1543 793 1621 dei,
816 1543 895 1608 nisi
918 1543 1089 1626 spiritus
1112 1545 1183 1620 dei.

204 1678 245 1744 86
300 1682 371 1764 (III,
392 1683 444 1765 14)
468 1683 518 1750 Ad
546 1683 789 1766 intellegendam
817 1699 889 1746 uero
919 1682 1093 1765 potentiam
1124 1683 1253 1768 spiritus
1281 1685 1382 1750 saneti

254 1805 354 1870 pauca
376 1789 413 1852 de
434 1787 624 1853 terribilibus
646 1785 850 1868 proferamus.
875 1786 1066 1852 Ueudideret
1088 1789 1323 1869 possessionem,
1346 1789 1384 1854 ut

254 1889 406 1974 scripturn
430 1890 477 1954 est
498 1891 532 1954 in
564 1889 642 1954 actis
676 1890 904 1973 apostolorum,
937 1907 1100 1973 suppressa
1121 1895 1210 1973 parte
1232 1893 1381 1973 pecuniae
1392 1912 1417 1954 ru

147 2081 148 2084 Ἴ
255 1993 377 2058 dolosus
400 1993 584 2075 discipulus,
614 1992 773 2075 reliquum
802 2010 857 2074 pro
880 1995 949 2057 toto
972 1992 1046 2057 ante
1068 1995 1160 2075 pedes
1182 1996 1285 2076 posuit
1308 2011 1382 2078 apo·

254 2095 421 2162 stolorum:
457 2095 587 2162 offendit
619 2096 766 2180 spiritum
799 2096 959 2180 sunctum,
993 2114 1084 2178 quem
1116 2095 1248 2182 putabat
1274 2098 1382 2164 latere.

256 2198 317 2264 Sed
338 2198 414 2281 quid
442 2197 481 2263 sd
511 2217 583 2263 eum
612 2197 692 2273 dixit
714 2199 861 2264 continuo
882 2196 997 2263 beatus
1019 2199 1156 2264 Petrus?
1192 2198 1381 2281 Aunauia,

255 2318 373 2383 quare
397 2304 558 2365 satanas
586 2301 762 2385 repleuit
790 2302 1000 2380 cortuum,
1027 2302 1071 2366 ut
1094 2303 1283 2368 mentires
1305 2306 1382 2387 spi·
1437 2334 1440 2342 ,

253 2402 355 2467 ritui
378 2405 538 2468 sancto?
576 2403 620 2467 Et
640 2403 740 2470 infra:
770 2422 844 2469 non
867 2421 904 2469 es
926 2406 1114 2470 mentitus
1142 2405 1417 2488 hominibns‚ao

254 2507 320 2570 sed
344 2507 424 2572 deo.
446 2507 549 2589 Atque
560 2508 606 2572 ita
619 2525 784 2590 percussus
797 2507 916 2573 uirtute
932 2510 1007 2587 eius,
1025 2507 1075 2599 oui
1090 2509 1215 2575 mentiri
1229 2510 1381 2588 uoluerat,

254 2608 418 2690 expirauit.
466 2609 547 2690 Quid
580 2608 631 2674 hio
664 2611 735 2676 uult
767 2609 877 2675 beatus
912 2609 1023 2676 Petrus
1057 2610 1202 2698 intellegi
1235 2614 1382 2696 spiritum

355 2820 441 2875 2Mt.
460 2822 485 2886 9,
497 2821 523 2874 4.
592 2823 802 2892 410b.1o,13.
871 2823 998 2881 SICor.
1016 2825 1041 2891 2,
1055 2824 1097 2879 10.
1168 2824 1201 2879 10
1218 2825 1236 2878 i.
1249 2841 1270 2879 o.
1285 2825 1326 2881 11.

257 2905 290 2960 18
307 2905 366 2960 Act.
385 2908 410 2971 5,
428 2907 453 2961 3.
557 2908 591 2963 20
609 2909 629 2967 l.
648 2926 669 2964 o.
689 2909 713 2963 4.

305 3104 320 3157 1
339 3103 489 3173 traducens]
507 3104 539 3158 ia
561 3105 584 3161 0
600 3121 633 3161 m.
651 3108 671 3159 2
687 3106 734 3160 uel
750 3110 768 3161 3
785 3122 804 3160 s.
824 3108 842 3162 l.
861 3107 959 3184 edicet.
983 3107 1012 3161 id
1035 3110 1076 3162 est
1098 3107 1239 3162 diffamans
1257 3110 1301 3163 uel
1318 3125 1380 3165 oon·

253 3197 367 3252 fundens
464 3199 570 3268 ‘dqnod
593 3199 630 3254 V²
725 3199 1047 3271 3Similiter1similiter
1065 3202 1211 3273 spirituali
1306 3218 1380 3272 prae·

254 3293 320 3347 seire
339 3295 450 3348 omnia.
471 3334 476 3346 .
496 3332 503 3348 .
526 3294 682 3363 perhibetur
706 3297 790 3364 om.d
911 3296 928 3350 4
955 3297 1099 3365 apostolos]
1126 3297 1237 3367 populos
1268 3299 1294 3354 V
1316 3300 1381 3368 (per

253 3393 335 3447 comp.
355 3378 422 3447 ples)
522 3381 662 3436 bdooenit
676 3387 701 3437 et
713 3382 887 3436 adnuntiabit
905 3382 973 3437 ΒΡ*
1067 3383 1187 3453 duobis]
1207 3401 1255 3440 uos
1277 3386 1311 3440 V¹

255 3463 269 3516 7
288 3468 422 3521 scrutator
443 3466 510 3521 Vise
537 3469 672 3521 scrutator
684 3469 725 3521 est
743 3467 780 3522 M
862 3468 1018 3523 altitudinis
1038 3469 1197 3527 BVO¹Mso
1291 3472 1323 3526 13
1340 3473 1380 3527 iu·

253 3549 432 3617 belligendum
454 3553 482 3605 A
594 3552 628 3606 14
654 3553 777 3622 passione
798 3554 833 3609 V¹
947 3555 980 3610 15
1006 3556 1075 3610 actis
1098 3555 1221 3612 BVCW
1245 3557 1293 3625 (cf.
1311 3559 1380 3625 infr.

254 3637 317 3703 92):
343 3637 448 3691 actibus
466 3639 526 3693 rell.
619 3638 759 3707 subpressa
778 3641 806 3695 P
909 3642 942 3695 16
959 3641 1089 3711 reliquam
1106 3643 1134 3696 A
1225 3658 1273 3712 pro
1291 3645 1381 3698 toturn

253 3719 350 3774 BV¹A
378 3723 489 3791 proiecit
507 3741 525 3777 a
627 3727 717 3794 posuit
735 3742 787 3785 om.
806 3727 894 3782 BV¹a
923 3729 1013 3796 posuit
1030 3731 1093 3783 aute
1116 3729 1195 3799 pedes
1211 3745 1254 3797 ap.
1276 3731 1314 3786 W

254 3807 433 3871 apostolorum
460 3810 551 3879 posuit
578 3811 686 3866 V²0Ms
714 3828 814 3881 ponens
841 3830 884 3883 ep.
911 3814 938 3869 L
1042 3816 1074 3869 17
1101 3831 1129 3870 se
1152 3816 1234 3870 latere
1260 3815 1313 3883 βΑ

255 3889 288 3942 18
311 3895 407 3948 anania
429 3895 610 3952 0²MsaLPR
723 3898 755 3950 19
778 3898 904 3954 sathanas
928 3917 944 3954 u
1048 3901 1173 3956 mantinea
1196 3900 1382 3956 BV¹M3¹PR

255 3974 390 4041 (Recedet
403 3995 434 4047 p.
453 3983 533 4046 298):
560 3983 691 4037 mentitus
720 3997 789 4038 esses
815 3985 843 4038 Α
872 3986 1025 4041 mentireris
1051 3987 1110 4042 rell.
1215 3986 1244 4040 in
1271 3985 1381 4055 spiritui

257 4058 327 4113 ΒΨ
431 4066 464 4118 22
491 4069 685 4139 exspirauitrp
791 4072 862 4140 quod
885 4072 929 4128 hic
953 4073 1021 4127 uelit
1047 4074 1083 4128 M
1186 4072 1311 4144 intellegi
1330 4087 1381 4129 om.

261 4145 321 4202 1⁷0:
348 4148 469 4217 intelligi
486 4152 575 4208 nun
