3112 4824
234 280 277 350 60
630 275 787 337 Uictoris
804 277 963 333 Uitensis

239 468 381 536 sensibus
403 468 586 545 inculcetur,
618 467 801 533 oaelestium
823 467 1043 550 mysteriorum
1066 467 1227 536 oonsoium
1247 469 1363 554 produ·

236 575 336 640 oimus
359 572 505 639 Paulum.
530 571 588 636 Ait
601 570 703 636 enim:
726 570 943 637 diuisiones
962 572 1095 637 autem
1110 572 1364 639 donationum

234 680 344 756 eunt,
368 677 469 742 idem
490 677 621 740 autom
641 673 835 758 spiritus3
858 678 897 739 et
914 673 1141 741 diuis-iones
1157 674 1363 743 ministra·

235 781 392 847 tionum
416 782 524 858 sunt,
548 777 651 844 idem
672 780 802 844 antem
834 777 1026 856 dominus3
1064 779 1107 844 ot
1139 777 1364 845 diuisiones

236 882 512 967 operationum
539 881 651 964 sunt,
683 880 788 946 idem
816 899 906 946 uero
934 881 1044 960 deus,
1078 881 1144 965 qui
1172 881 1401 964 opereturs

170 1007 176 1017 ·
219 988 365 1054 *omnia
391 985 648 1053 inomnibus.
692 983 918 1051 Etesrtehas
947 985 1137 1053 diuisionem
1170 982 1363 1052 differentias

236 1108 292 1174 pro
314 1089 467 1172 qualitate
482 1106 520 1155 ao
535 1089 648 1154 merito
662 1087 922 1171 participantium
937 1089 1084 1172 spiritum
1098 1092 1245 1155 sanetum
1258 1087 1365 1157 doouit

236 1192 370 1277 operari:
405 1210 478 1258 oum
510 1193 652 1274 ipsarum
678 1190 853 1275 gratiarum
885 1191 1077 1259 differentias
1109 1191 1298 1276 partiretur,
1330 1191 1364 1256 in

235 1296 358 1362 ultimis
378 1295 492 1360 intulit
514 1295 633 1360 diaeum
656 1294 753 1360 haee
775 1298 908 1360 autem
923 1296 1055 1361 omnia
1070 1297 1252 1377 operatur
1266 1311 1364 1360 unns

233 1401 359 1482 atquo
391 1397 493 1464 idom
521 1397 710 1481 spiritus,
744 1396 927 1463 diuidere
960 1399 1123 1481 propria
1151 1397 1399 1480 nnteuiqueo

184 1501 353 1589 82prout
372 1503 472 1568 uult.
495 1500 586 1566 Unde
600 1501 706 1566 nullus
719 1500 940 1583 ambiguitatis
963 1501 1151 1584 relinquitur
1173 1501 1270 1579 loeus,
1286 1498 1364 1582 quin

236 1606 354 1672 olareat
388 1607 533 1688 spiritum
567 1605 708 1670 sanatum
738 1609 770 1669 et
797 1605 891 1669 doum
923 1622 991 1670 osse
1019 1607 1051 1669 et
1083 1622 1157 1670 suae
1190 1602 1363 1670 uoluntatis

235 1712 403 1788 auctorem,
426 1708 480 1790 qui
502 1708 614 1773 anneta
636 1705 759 1788 operari
778 1710 811 1772 et
832 1709 1004 1773 seeundum
1025 1707 1171 1790 propriae
1185 1705 1362 1772 uoluntatis

225 1810 401 1878 arbitrium
435 1809 560 1877 diuinae
589 1810 831 1892 dispensationis
854 1810 935 1876 dona
956 1810 1067 1895 largiri
1090 1810 1287 1894 apertissime
1308 1809 1363 1875 do·

233 1916 444 1998 monstratum
478 1915 549 1996 quia
571 1912 627 1978 ubi
648 1913 835 1978 noluntaria
857 1913 1032 1997 gratiamm
1065 1913 1245 1982 distributio
1272 1931 1398 1994 prae-re

235 2017 366 2102 dicatur,
389 2033 451 2082 non
466 2017 568 2099 potest
584 2015 685 2081 uideri
701 2013 841 2082 oondioio
864 2016 1045 2083 seruitutis:
1067 2017 1101 2083 in
1124 2019 1266 2083 ereatura
1278 2013 1364 2081 onim

235 2121 370 2186 seruitus
385 2119 600 2203 intellegenda
614 2120 672 2204 est,
692 2119 725 2185 in
740 2119 885 2186 minitate
900 2137 973 2186 noro
989 2121 1157 2187 dominatio
1172 2139 1211 2187 ao
1224 2120 1362 2188 libertas.

225 2223 276 2288 aa
297 2226 335 2290 ut
357 2223 460 2290 adhuo
480 2224 550 2289 luoe
573 2222 686 2289 elarius
712 2225 808 2289 unius
830 2223 1019 2291 diuinitatis
1041 2243 1107 2291 esse
1129 2242 1202 2292 oum
1222 2229 1310 2308 putre
1332 2228 1363 2290 et

233 2325 297 2393 filio
320 2327 467 2410 spiritum
489 2329 634 2393 eandum
648 2326 830 2413 doaeamus,
860 2327 1009 2394 Iohannis
1040 2329 1248 2412 euangelistae
1271 2328 1364 2394 testi·

233 2431 337 2496 monio
370 2431 587 2512 conprobatur.
631 2417 690 2495 Ait
721 2447 872 2512 namqner
904 2433 990 2496 tres
1021 2431 1120 2496 sunt
1151 2432 1216 2514 qni
1245 2430 1400 2497 testi-so

232 2533 404 2598 monium
430 2531 645 2614 perhibent
671 2531 856 2612 insueto,
883 2534 1013 2615 potor,
1043 2533 1205 2600 uerbum
1222 2538 1265 2600 et
1286 2531 1364 2618 spi·

232 2634 339 2700 ritus
372 2636 549 2720 sanetus,
584 2639 622 2701 et
649 2636 690 2700 hi
717 2640 801 2701 tros
830 2655 947 2701 unum
969 2638 1075 2702 'sunt
1120 2636 1280 2722 Numquid
1303 2637 1363 2702 ait:

235 2737 310 2803 ‘tres
330 2736 364 2802 in
386 2737 578 2804 differentiae
607 2738 761 2821 qualitate
784 2740 918 2806 seiuncti
939 2743 995 2806 ant
1011 2740 1209 2824 quibuslibet
1231 2740 1364 2806 diuersi-

182 2848 186 2855 “
234 2842 338 2906 tetum
360 2841 509 2924 gradibus
532 2843 625 2927 longo
647 2843 851 2926 separationis
869 2843 1042 2909 interuallo
1057 2843 1184 2911 diuisit’
1198 2844 1253 2909 sed
1267 2846 1361 2920 tres,

234 2941 345 3024 inquit,
369 2963 484 3009 unum
506 2945 610 3010 sunt.
1372 2971 1399 3014 ss

337 3113 386 3167 21
405 3113 462 3170 cor.
482 3113 523 3179 ra,
541 3112 619 3168 4-o.
718 3114 735 3166 e
753 3114 768 3168 1
786 3111 846 3168 cor.
865 3113 907 3182 12,
926 3115 968 3169 11.
1066 3115 1100 3170 ao
1118 3116 1132 3170 1
1149 3114 1208 3190 ron.
1226 3117 1251 3182 e,
1266 3115 1293 3169 u

285 3253 303 3305 1
329 3251 505 3321 producamus
529 3253 546 3307 b
650 3252 666 3306 2
689 3253 781 3306 autom
802 3267 854 3307 ora.
871 3253 921 3307 Mo
1022 3253 1235 3308 dominationum
1257 3254 1296 3310 W

234 3340 298 3392 eunt
321 3337 495 3392 donatiomm
517 3358 545 3407 φ
649 3339 730 3408 aet]
752 3355 766 3392 e
788 3339 828 3395 W
927 3338 1160 3393 ministrationum
1176 3339 1287 3408 BpWo
1311 3339 1363 3393 mi·

234 3424 405 3480 nisteriorum
431 3425 459 3479 A
492 3426 683 3495 mysteriorum
710 3427 728 3497 β
838 3427 855 3480 6
882 3425 1072 3481 diuisirionum
1099 3442 1118 3479 a
1221 3425 1238 3480 9
1264 3424 1361 3479 intulit

234 3525 285 3565 om.
298 3527 322 3564 a
424 3512 456 3566 11
475 3511 574 3565 uulnus
593 3511 696 3568 BV¹0¹
723 3512 827 3566 nulline
845 3512 902 3582 U'p
986 3511 1153 3581 ambiguitas
1170 3513 1199 3567 P
1284 3511 1361 3580 quiin

235 3595 335 3650 elamat
352 3599 380 3650 et
397 3597 425 3650 A
527 3596 563 3650 14
579 3596 722 3653 dininaeb
825 3599 857 3652 17
874 3597 1067 3669 inteniigenda
1083 3598 1111 3652 Ρ
1213 3597 1361 3652 dominatio

234 3680 411 3750 intelligenda
427 3684 469 3735 ast
485 3696 517 3736 ao
538 3682 574 3738 W
668 3684 709 3753 ao]
727 3699 761 3738 an
778 3683 848 3739 BV¹
945 3684 1041 3745 'idon
1054 3685 1093 3741 W
1186 3683 1227 3738 19'
1237 3683 1362 3751 ot'apiri·

227 3767 355 3822 tumba
439 3767 566 3823 iohannes
583 3769 650 3823 ΒΡ*
736 3771 924 3826 testimonium
943 3771 997 3827 Pa
1092 3770 1127 3824 20
1143 3769 1270 3839 namque]
1289 3767 1361 3822 enim

234 3851 282 3906 Me
375 3852 408 3907 21
427 3854 579 3923 perbibent]
598 3855 666 3911 dant
687 3857 725 3912 W
822 3857 941 3927 uerbum]
958 3857 1108 3927 etfibnsp
1202 3855 1236 3911 22
1253 3855 1361 3909 sanans

235 3937 330 3994 om.A
433 3940 819 3997 biiBVGabiWiiP
921 3943 1108 4013 nunquidaP
1209 3937 1361 3996 aeirem-

234 4023 363 4079 forentius
384 4025 515 4094 qualitate
535 4027 580 4082 νά
607 4027 773 4082 indifferenti
789 4029 956 4097 esqualitate
974 4028 1170 4099 BWMabpa
1204 4025 1362 4082 indiloronti

234 4114 275 4180 (as
292 4110 352 4182 epil.
370 4112 402 4166 aba
422 4112 543 4182 Verus.)
562 4113 725 4182 aequalitate
747 4114 809 4170 VOo
918 4117 952 4170 24
970 4116 1082 4184 longob
1162 4161 1165 4168 .
1187 4111 1361 4182 separationis

234 4198 287 4254 Ma
373 4197 534 4268 >25inqnid
556 4199 607 4254 Ga*
