<?xml version="1.0" encoding="UTF-8"?>
<!DOCTYPE html PUBLIC "-//W3C//DTD XHTML 1.0 Transitional//EN"
    "http://www.w3.org/TR/xhtml1/DTD/xhtml1-transitional.dtd">
<html xmlns="http://www.w3.org/1999/xhtml" xml:lang="en" lang="en">
 <head>
  <title>
</title>
<meta http-equiv="Content-Type" content="text/html;charset=utf-8" />
  <meta name='ocr-system' content='tesseract 3.04.00' />
  <meta name='ocr-capabilities' content='ocr_page ocr_carea ocr_par ocr_line ocrx_word'/>
</head>
<body>
  <div class='ocr_page' id='page_1' title='image "./victorisepiscop00victgoog_0043.png"; bbox 0 0 3112 4824; ppageno 0'>
   <div class='ocr_carea' id='block_1_1' title="bbox 241 264 965 342">
    <p class='ocr_par' dir='ltr' id='par_1_1' title="bbox 241 264 965 342">
     <span class='ocr_line' id='line_1_1' title="bbox 241 264 965 342; baseline -0.021 0"><span class='ocrx_word' id='word_1_1' title='bbox 241 278 280 342; x_wconf 89' lang='grc'><strong>18</strong></span> <span class='ocrx_word' id='word_1_2' title='bbox 557 264 567 290; x_wconf 73' lang='lat'>⁸</span> <span class='ocrx_word' id='word_1_3' title='bbox 631 275 785 330; x_wconf 90' lang='lat' dir='ltr'><strong>Uictoris</strong></span> <span class='ocrx_word' id='word_1_4' title='bbox 811 275 965 329; x_wconf 87' lang='lat' dir='ltr'><strong>Uiteneis</strong></span> 
     </span>
    </p>
   </div>
   <div class='ocr_carea' id='block_1_2' title="bbox 240 464 1355 757">
    <p class='ocr_par' dir='ltr' id='par_1_2' title="bbox 240 464 1355 757">
     <span class='ocr_line' id='line_1_2' title="bbox 240 464 1355 551; baseline -0.002 -17"><span class='ocrx_word' id='word_1_5' title='bbox 240 489 337 551; x_wconf 89' lang='lat' dir='ltr'><strong>neque</strong></span> <span class='ocrx_word' id='word_1_6' title='bbox 369 469 402 533; x_wconf 93' lang='lat' dir='ltr'><strong>in</strong></span> <span class='ocrx_word' id='word_1_7' title='bbox 426 468 514 534; x_wconf 94' lang='lat' dir='ltr'><strong>domo</strong></span> <span class='ocrx_word' id='word_1_8' title='bbox 548 485 645 547; x_wconf 87' lang='lat' dir='ltr'><strong>neque</strong></span> <span class='ocrx_word' id='word_1_9' title='bbox 673 468 705 531; x_wconf 90' lang='lat' dir='ltr'><strong>in</strong></span> <span class='ocrx_word' id='word_1_10' title='bbox 727 484 800 549; x_wconf 88' lang='lat' dir='ltr'><strong>agro</strong></span> <span class='ocrx_word' id='word_1_11' title='bbox 830 466 1004 531; x_wconf 91' lang='lat' dir='ltr'><strong>dimitteret</strong></span> <span class='ocrx_word' id='word_1_12' title='bbox 1036 466 1189 532; x_wconf 83' lang='lat' dir='ltr'><strong>habitare.</strong></span> <span class='ocrx_word' id='word_1_13' title='bbox 1234 464 1294 545; x_wconf 82' lang='lat' dir='ltr'><strong>oui</strong></span> <span class='ocrx_word' id='word_1_14' title='bbox 1321 469 1355 533; x_wconf 92' lang='lat' dir='ltr'><strong>iu</strong></span> 
     </span>
     <span class='ocr_line' id='line_1_3' title="bbox 240 568 1355 653; baseline -0.003 -15"><span class='ocrx_word' id='word_1_15' title='bbox 240 574 340 639; x_wconf 90' lang='lat' dir='ltr'><strong>strata</strong></span> <span class='ocrx_word' id='word_1_16' title='bbox 360 571 485 653; x_wconf 91' lang='lat' dir='ltr'><strong>publica</strong></span> <span class='ocrx_word' id='word_1_17' title='bbox 506 571 605 634; x_wconf 95' lang='lat' dir='ltr'><strong>multo</strong></span> <span class='ocrx_word' id='word_1_18' title='bbox 627 571 764 650; x_wconf 90' lang='lat' dir='ltr'><strong>tempore</strong></span> <span class='ocrx_word' id='word_1_19' title='bbox 786 570 867 634; x_wconf 92' lang='lat' dir='ltr'><strong>nudo</strong></span> <span class='ocrx_word' id='word_1_20' title='bbox 889 568 987 634; x_wconf 86' lang='lat' dir='ltr'><strong>iacuit</strong></span> <span class='ocrx_word' id='word_1_21' title='bbox 1008 568 1066 633; x_wconf 89' lang='lat' dir='ltr'><strong>sub</strong></span> <span class='ocrx_word' id='word_1_22' title='bbox 1089 574 1176 635; x_wconf 80' lang='lat' dir='ltr'><strong>aere:</strong></span> <span class='ocrx_word' id='word_1_23' title='bbox 1204 588 1355 636; x_wconf 89' lang='lat' dir='ltr'><strong>aunomm</strong></span> 
     </span>
     <span class='ocr_line' id='line_1_4' title="bbox 240 671 1353 757; baseline -0.004 -16"><span class='ocrx_word' id='word_1_24' title='bbox 240 678 307 741; x_wconf 88' lang='lat' dir='ltr'><strong>erat</strong></span> <span class='ocrx_word' id='word_1_25' title='bbox 328 674 396 757; x_wconf 93' lang='lat' dir='ltr'><strong>plus</strong></span> <span class='ocrx_word' id='word_1_26' title='bbox 414 691 519 751; x_wconf 77' lang='lat' dir='ltr'><strong>cxxx,</strong></span> <span class='ocrx_word' id='word_1_27' title='bbox 542 691 634 754; x_wconf 89' lang='lat' dir='ltr'><strong>quem</strong></span> <span class='ocrx_word' id='word_1_28' title='bbox 649 690 703 736; x_wconf 92' lang='lat' dir='ltr'><strong>nos</strong></span> <span class='ocrx_word' id='word_1_29' title='bbox 718 674 794 736; x_wconf 89' lang='lat' dir='ltr'><strong>tunc</strong></span> <span class='ocrx_word' id='word_1_30' title='bbox 816 671 936 755; x_wconf 86' lang='lat' dir='ltr'><strong>indigni</strong></span> <span class='ocrx_word' id='word_1_31' title='bbox 958 673 991 736; x_wconf 93' lang='lat' dir='ltr'><strong>in</strong></span> <span class='ocrx_word' id='word_1_32' title='bbox 1005 673 1063 738; x_wconf 90' lang='lat' dir='ltr'><strong>tali</strong></span> <span class='ocrx_word' id='word_1_33' title='bbox 1078 673 1167 738; x_wconf 83' lang='lat' dir='ltr'><strong>exilio</strong></span> <span class='ocrx_word' id='word_1_34' title='bbox 1183 674 1353 739; x_wconf 89' lang='lat' dir='ltr'><strong>meruimus</strong></span> 
     </span>
    </p>
   </div>
   <div class='ocr_carea' id='block_1_3' title="bbox 240 779 387 844">
    <p class='ocr_par' dir='ltr' id='par_1_3' title="bbox 240 779 387 844">
     <span class='ocr_line' id='line_1_5' title="bbox 240 779 387 844; baseline -0.02 0"><span class='ocrx_word' id='word_1_35' title='bbox 240 779 387 844; x_wconf 85' lang='lat' dir='ltr'><strong>salutare.</strong></span> 
     </span>
    </p>
   </div>
   <div class='ocr_carea' id='block_1_4' title="bbox 181 895 1389 2832">
    <p class='ocr_par' dir='ltr' id='par_1_4' title="bbox 186 895 1389 1908">
     <span class='ocr_line' id='line_1_6' title="bbox 186 895 1389 981; baseline -0.002 -17"><span class='ocrx_word' id='word_1_36' title='bbox 186 909 225 973; x_wconf 85' lang='lat'><strong>41</strong></span> <span class='ocrx_word' id='word_1_37' title='bbox 286 901 322 981; x_wconf 78' lang='lat' dir='ltr'><strong>(l,</strong></span> <span class='ocrx_word' id='word_1_38' title='bbox 341 898 393 979; x_wconf 83' lang='lat'><strong>13)</strong></span> <span class='ocrx_word' id='word_1_39' title='bbox 418 895 557 975; x_wconf 81' lang='lat' dir='ltr'><strong>Quodam</strong></span> <span class='ocrx_word' id='word_1_40' title='bbox 579 901 717 978; x_wconf 91' lang='lat' dir='ltr'><strong>tempore</strong></span> <span class='ocrx_word' id='word_1_41' title='bbox 738 895 892 976; x_wconf 87' lang='lat' dir='ltr'><strong>paschalia</strong></span> <span class='ocrx_word' id='word_1_42' title='bbox 915 895 1107 959; x_wconf 76' lang='lat' dir='ltr'><strong>sollemnitas</strong></span> <span class='ocrx_word' id='word_1_43' title='bbox 1131 897 1298 978; x_wconf 87' lang='lat' dir='ltr'><strong>agebatur;</strong></span> <span class='ocrx_word' id='word_1_44' title='bbox 1322 900 1389 962; x_wconf 80' lang='lat' dir='ltr'><strong>ets</strong></span> 
     </span>
     <span class='ocr_line' id='line_1_7' title="bbox 239 998 1351 1084; baseline -0.003 -17"><span class='ocrx_word' id='word_1_45' title='bbox 239 1005 311 1067; x_wconf 92' lang='lat' dir='ltr'><strong>dum</strong></span> <span class='ocrx_word' id='word_1_46' title='bbox 333 1002 366 1066; x_wconf 92' lang='lat' dir='ltr'><strong>in</strong></span> <span class='ocrx_word' id='word_1_47' title='bbox 388 1003 521 1084; x_wconf 91' lang='lat' dir='ltr'><strong>quodam</strong></span> <span class='ocrx_word' id='word_1_48' title='bbox 542 1000 617 1078; x_wconf 83' lang='lat' dir='ltr'><strong>loco,</strong></span> <span class='ocrx_word' id='word_1_49' title='bbox 642 1017 718 1080; x_wconf 86' lang='lat' dir='ltr'><strong>quae</strong></span> <span class='ocrx_word' id='word_1_50' title='bbox 740 999 837 1081; x_wconf 87' lang='lat' dir='ltr'><strong>Regia</strong></span> <span class='ocrx_word' id='word_1_51' title='bbox 859 998 1023 1076; x_wconf 60' lang='lat' dir='ltr'><strong>uocitatum</strong></span> <span class='ocrx_word' id='word_1_52' title='bbox 1046 1000 1085 1064; x_wconf 91' lang='lat' dir='ltr'><strong>ob</strong></span> <span class='ocrx_word' id='word_1_53' title='bbox 1100 998 1183 1063; x_wconf 90' lang='lat' dir='ltr'><strong>diem</strong></span> <span class='ocrx_word' id='word_1_54' title='bbox 1197 999 1351 1080; x_wconf 86' lang='lat' dir='ltr'><strong>paschalis</strong></span> 
     </span>
     <span class='ocr_line' id='line_1_8' title="bbox 237 1101 1352 1184; baseline -0.003 -14"><span class='ocrx_word' id='word_1_55' title='bbox 237 1104 360 1170; x_wconf 91' lang='lat' dir='ltr'><strong>honoris</strong></span> <span class='ocrx_word' id='word_1_56' title='bbox 394 1104 490 1168; x_wconf 81' lang='lat' dir='ltr'>nostri</span> <span class='ocrx_word' id='word_1_57' title='bbox 523 1101 649 1169; x_wconf 90' lang='lat' dir='ltr'><strong>sibimet</strong></span> <span class='ocrx_word' id='word_1_58' title='bbox 681 1103 819 1166; x_wconf 87' lang='lat' dir='ltr'><strong>clausam</strong></span> <span class='ocrx_word' id='word_1_59' title='bbox 856 1101 1018 1167; x_wconf 88' lang='lat' dir='ltr'><strong>ecclesiam</strong></span> <span class='ocrx_word' id='word_1_60' title='bbox 1054 1103 1243 1184; x_wconf 79' lang='lat' dir='ltr'><strong>reserarent,</strong></span> <span class='ocrx_word' id='word_1_61' title='bbox 1282 1120 1352 1167; x_wconf 87' lang='lat' dir='ltr'><strong>oon·</strong></span> 
     </span>
     <span class='ocr_line' id='line_1_9' title="bbox 235 1203 1354 1290; baseline -0.004 -18"><span class='ocrx_word' id='word_1_62' title='bbox 235 1210 382 1290; x_wconf 86' lang='lat' dir='ltr'><strong>pererunt</strong></span> <span class='ocrx_word' id='word_1_63' title='bbox 409 1207 545 1270; x_wconf 84' lang='lat' dir='ltr'><strong>Arriani.</strong></span> <span class='ocrx_word' id='word_1_64' title='bbox 591 1203 705 1270; x_wconf 80' lang='lat' dir='ltr'><strong>Statim</strong></span> <span class='ocrx_word' id='word_1_65' title='bbox 739 1204 864 1286; x_wconf 86' lang='lat' dir='ltr'><strong>quidam</strong></span> <span class='ocrx_word' id='word_1_66' title='bbox 896 1204 1057 1287; x_wconf 86' lang='lat' dir='ltr'><strong>presbyter</strong></span> <span class='ocrx_word' id='word_1_67' title='bbox 1090 1222 1205 1283; x_wconf 85' lang='lat' dir='ltr'><strong>eorum,</strong></span> <span class='ocrx_word' id='word_1_68' title='bbox 1233 1204 1354 1269; x_wconf 91' lang='lat' dir='ltr'><strong>Anduit</strong></span> 
     </span>
     <span class='ocr_line' id='line_1_10' title="bbox 236 1307 1353 1392; baseline -0.003 -17"><span class='ocrx_word' id='word_1_69' title='bbox 236 1311 368 1390; x_wconf 88' lang='lat' dir='ltr'><strong>nomine,</strong></span> <span class='ocrx_word' id='word_1_70' title='bbox 392 1310 578 1392; x_wconf 83' lang='lat' dir='ltr'><strong>congregata</strong></span> <span class='ocrx_word' id='word_1_71' title='bbox 605 1325 708 1372; x_wconf 91' lang='lat' dir='ltr'><strong>secum</strong></span> <span class='ocrx_word' id='word_1_72' title='bbox 731 1307 919 1373; x_wconf 88' lang='lat' dir='ltr'><strong>armatorum</strong></span> <span class='ocrx_word' id='word_1_73' title='bbox 942 1325 1036 1371; x_wconf 89' lang='lat' dir='ltr'><strong>manu</strong></span> <span class='ocrx_word' id='word_1_74' title='bbox 1058 1308 1097 1372; x_wconf 90' lang='lat' dir='ltr'><strong>ad</strong></span> <span class='ocrx_word' id='word_1_75' title='bbox 1119 1307 1353 1390; x_wconf 79' lang='lat' dir='ltr'><strong>expugnandam</strong></span> 
     </span>
     <span class='ocr_line' id='line_1_11' title="bbox 223 1411 1386 1494; baseline 0.001 -16"><span class='ocrx_word' id='word_1_76' title='bbox 223 1412 360 1478; x_wconf 76' lang='lat' dir='ltr'><strong>&#39;turbam</strong></span> <span class='ocrx_word' id='word_1_77' title='bbox 394 1411 570 1477; x_wconf 79' lang='lat' dir='ltr'><strong>accenditur</strong></span> <span class='ocrx_word' id='word_1_78' title='bbox 598 1413 808 1476; x_wconf 77' lang='lat' dir='ltr'><strong>innocentum.</strong></span> <span class='ocrx_word' id='word_1_79' title='bbox 846 1411 1009 1475; x_wconf 88' lang='lat' dir='ltr'><strong>introeunt</strong></span> <span class='ocrx_word' id='word_1_80' title='bbox 1042 1411 1212 1493; x_wconf 89' lang='lat' dir='ltr'><strong>euagiuatis</strong></span> <span class='ocrx_word' id='word_1_81' title='bbox 1245 1411 1386 1494; x_wconf 74' lang='lat' dir='ltr'><strong>spatiare</strong></span> 
     </span>
     <span class='ocr_line' id='line_1_12' title="bbox 236 1513 1351 1599; baseline -0.003 -18"><span class='ocrx_word' id='word_1_82' title='bbox 236 1534 322 1581; x_wconf 88' lang='lat' dir='ltr'><strong>arma</strong></span> <span class='ocrx_word' id='word_1_83' title='bbox 345 1516 528 1599; x_wconf 82' lang='lat' dir='ltr'><strong>corripiunt3</strong></span> <span class='ocrx_word' id='word_1_84' title='bbox 553 1515 607 1579; x_wconf 92' lang='lat' dir='ltr'><strong>alii</strong></span> <span class='ocrx_word' id='word_1_85' title='bbox 621 1533 741 1597; x_wconf 91' lang='lat' dir='ltr'><strong>quoque</strong></span> <span class='ocrx_word' id='word_1_86' title='bbox 756 1514 839 1578; x_wconf 90' lang='lat' dir='ltr'><strong>tecta</strong></span> <span class='ocrx_word' id='word_1_87' title='bbox 854 1517 1060 1580; x_wconf 90' lang='lat' dir='ltr'><strong>conscendunt</strong></span> <span class='ocrx_word' id='word_1_88' title='bbox 1083 1514 1115 1577; x_wconf 93' lang='lat' dir='ltr'><strong>et</strong></span> <span class='ocrx_word' id='word_1_89' title='bbox 1129 1532 1184 1595; x_wconf 89' lang='lat' dir='ltr'><strong>per</strong></span> <span class='ocrx_word' id='word_1_90' title='bbox 1199 1513 1351 1579; x_wconf 78' lang='lat' dir='ltr'><strong>fenestras</strong></span> 
     </span>
     <span class='ocr_line' id='line_1_13' title="bbox 236 1616 1350 1703; baseline -0.004 -19"><span class='ocrx_word' id='word_1_91' title='bbox 236 1619 380 1684; x_wconf 89' lang='lat' dir='ltr'><strong>ecclesiae</strong></span> <span class='ocrx_word' id='word_1_92' title='bbox 403 1619 533 1703; x_wconf 89' lang='lat' dir='ltr'><strong>sagittas</strong></span> <span class='ocrx_word' id='word_1_93' title='bbox 560 1621 720 1701; x_wconf 88' lang='lat' dir='ltr'><strong>spargunt.</strong></span> <span class='ocrx_word' id='word_1_94' title='bbox 755 1617 796 1682; x_wconf 81' lang='lat' dir='ltr'><strong>Et</strong></span> <span class='ocrx_word' id='word_1_95' title='bbox 818 1621 893 1681; x_wconf 90' lang='lat' dir='ltr'><strong>tunc</strong></span> <span class='ocrx_word' id='word_1_96' title='bbox 915 1617 995 1682; x_wconf 86' lang='lat' dir='ltr'><strong>forte</strong></span> <span class='ocrx_word' id='word_1_97' title='bbox 1016 1616 1159 1682; x_wconf 87' lang='lat' dir='ltr'><strong>audiente</strong></span> <span class='ocrx_word' id='word_1_98' title='bbox 1175 1619 1207 1681; x_wconf 89' lang='lat' dir='ltr'><strong>ct</strong></span> <span class='ocrx_word' id='word_1_99' title='bbox 1221 1617 1350 1681; x_wconf 91' lang='lat' dir='ltr'><strong>canente</strong></span> 
     </span>
     <span class='ocr_line' id='line_1_14' title="bbox 236 1719 1350 1804; baseline -0.003 -18"><span class='ocrx_word' id='word_1_100' title='bbox 236 1722 348 1804; x_wconf 91' lang='lat' dir='ltr'><strong>populo</strong></span> <span class='ocrx_word' id='word_1_101' title='bbox 381 1723 430 1787; x_wconf 90' lang='lat' dir='ltr'><strong>dei</strong></span> <span class='ocrx_word' id='word_1_102' title='bbox 457 1721 553 1785; x_wconf 92' lang='lat' dir='ltr'><strong>lector</strong></span> <span class='ocrx_word' id='word_1_103' title='bbox 586 1738 666 1786; x_wconf 91' lang='lat' dir='ltr'><strong>unus</strong></span> <span class='ocrx_word' id='word_1_104' title='bbox 698 1721 819 1803; x_wconf 91' lang='lat' dir='ltr'><strong>pulpito</strong></span> <span class='ocrx_word' id='word_1_105' title='bbox 852 1722 963 1787; x_wconf 89' lang='lat' dir='ltr'><strong>sistens</strong></span> <span class='ocrx_word' id='word_1_106' title='bbox 996 1720 1220 1786; x_wconf 86' lang='lat' dir='ltr'><strong>alleluiaticum</strong></span> <span class='ocrx_word' id='word_1_107' title='bbox 1253 1719 1350 1784; x_wconf 90' lang='lat' dir='ltr'><strong>melos</strong></span> 
     </span>
     <span class='ocr_line' id='line_1_15' title="bbox 236 1822 1350 1908; baseline -0.002 -20"><span class='ocrx_word' id='word_1_108' title='bbox 236 1825 379 1901; x_wconf 80' lang='lat' dir='ltr'><strong>canebat3</strong></span> <span class='ocrx_word' id='word_1_109' title='bbox 402 1841 460 1907; x_wconf 90' lang='lat' dir='ltr'><strong>quo</strong></span> <span class='ocrx_word' id='word_1_110' title='bbox 484 1826 622 1906; x_wconf 91' lang='lat' dir='ltr'><strong>tempore</strong></span> <span class='ocrx_word' id='word_1_111' title='bbox 645 1824 762 1908; x_wconf 88' lang='lat' dir='ltr'><strong>sagitta</strong></span> <span class='ocrx_word' id='word_1_112' title='bbox 784 1827 816 1890; x_wconf 90' lang='lat' dir='ltr'><strong>in</strong></span> <span class='ocrx_word' id='word_1_113' title='bbox 837 1827 964 1907; x_wconf 87' lang='lat' dir='ltr'><strong>gutture</strong></span> <span class='ocrx_word' id='word_1_114' title='bbox 992 1824 1141 1890; x_wconf 86' lang='lat' dir='ltr'><strong>iaculatus</strong></span> <span class='ocrx_word' id='word_1_115' title='bbox 1164 1822 1291 1888; x_wconf 78' lang='lat' dir='ltr'><strong>cadomo</strong></span> <span class='ocrx_word' id='word_1_116' title='bbox 1313 1822 1350 1886; x_wconf 88' lang='lat' dir='ltr'><strong>de</strong></span> 
     </span>
    </p>

    <p class='ocr_par' dir='ltr' id='par_1_5' title="bbox 181 1926 1384 2832">
     <span class='ocr_line' id='line_1_16' title="bbox 181 1926 1384 2011; baseline 0.002 -17"><span class='ocrx_word' id='word_1_117' title='bbox 181 1931 224 1996; x_wconf 85' lang='lat'><strong>42</strong></span> <span class='ocrx_word' id='word_1_118' title='bbox 236 1927 377 1992; x_wconf 89' lang='lat' dir='ltr'><strong>manibus</strong></span> <span class='ocrx_word' id='word_1_119' title='bbox 400 1927 502 1993; x_wconf 89' lang='lat' dir='ltr'><strong>codice</strong></span> <span class='ocrx_word' id='word_1_120' title='bbox 524 1929 664 1993; x_wconf 93' lang='lat' dir='ltr'><strong>mortuus</strong></span> <span class='ocrx_word' id='word_1_121' title='bbox 687 1931 756 2010; x_wconf 90' lang='lat' dir='ltr'><strong>post</strong></span> <span class='ocrx_word' id='word_1_122' title='bbox 778 1927 889 1994; x_wconf 89' lang='lat' dir='ltr'><strong>cecidit</strong></span> <span class='ocrx_word' id='word_1_123' title='bbox 909 1929 984 2011; x_wconf 89' lang='lat' dir='ltr'><strong>ipse.</strong></span> <span class='ocrx_word' id='word_1_124' title='bbox 1023 1926 1105 1991; x_wconf 87' lang='lat' dir='ltr'><strong>Nam</strong></span> <span class='ocrx_word' id='word_1_125' title='bbox 1128 1927 1160 1991; x_wconf 91' lang='lat' dir='ltr'><strong>et</strong></span> <span class='ocrx_word' id='word_1_126' title='bbox 1181 1926 1235 1992; x_wconf 88' lang='lat' dir='ltr'><strong>alii</strong></span> <span class='ocrx_word' id='word_1_127' title='bbox 1258 1945 1348 2007; x_wconf 89' lang='lat' dir='ltr'><strong>quam</strong></span> <span class='ocrx_word' id='word_1_128' title='bbox 1362 1956 1384 1997; x_wconf 79' lang='lat'><strong>1⁵</strong></span> 
     </span>
     <span class='ocr_line' id='line_1_17' title="bbox 232 2029 1350 2114; baseline -0.003 -19"><span class='ocrx_word' id='word_1_129' title='bbox 232 2029 361 2113; x_wconf 88' lang='lat' dir='ltr'><strong>plurimi</strong></span> <span class='ocrx_word' id='word_1_130' title='bbox 382 2029 506 2114; x_wconf 84' lang='lat' dir='ltr'><strong>sagittis</strong></span> <span class='ocrx_word' id='word_1_131' title='bbox 529 2031 560 2094; x_wconf 89' lang='lat' dir='ltr'><strong>et</strong></span> <span class='ocrx_word' id='word_1_132' title='bbox 576 2030 685 2095; x_wconf 90' lang='lat' dir='ltr'><strong>iaculis</strong></span> <span class='ocrx_word' id='word_1_133' title='bbox 701 2031 733 2095; x_wconf 92' lang='lat' dir='ltr'><strong>iu</strong></span> <span class='ocrx_word' id='word_1_134' title='bbox 749 2031 850 2096; x_wconf 93' lang='lat' dir='ltr'><strong>medio</strong></span> <span class='ocrx_word' id='word_1_135' title='bbox 871 2030 1036 2113; x_wconf 89' lang='lat' dir='ltr'><strong>crepidinis</strong></span> <span class='ocrx_word' id='word_1_136' title='bbox 1059 2031 1166 2095; x_wconf 89' lang='lat' dir='ltr'><strong>altaris</strong></span> <span class='ocrx_word' id='word_1_137' title='bbox 1182 2030 1350 2111; x_wconf 87' lang='lat' dir='ltr'><strong>probantur</strong></span> 
     </span>
     <span class='ocr_line' id='line_1_18' title="bbox 233 2131 1348 2218; baseline -0.002 -22"><span class='ocrx_word' id='word_1_138' title='bbox 233 2132 340 2208; x_wconf 88' lang='lat' dir='ltr'><strong>occisi;</strong></span> <span class='ocrx_word' id='word_1_139' title='bbox 364 2152 436 2197; x_wconf 84' lang='lat' dir='ltr'><strong>narn</strong></span> <span class='ocrx_word' id='word_1_140' title='bbox 452 2133 505 2214; x_wconf 92' lang='lat' dir='ltr'><strong>qui</strong></span> <span class='ocrx_word' id='word_1_141' title='bbox 519 2133 633 2214; x_wconf 87' lang='lat' dir='ltr'><strong>gladiis</strong></span> <span class='ocrx_word' id='word_1_142' title='bbox 652 2135 726 2199; x_wconf 89' lang='lat' dir='ltr'><strong>tuno</strong></span> <span class='ocrx_word' id='word_1_143' title='bbox 747 2134 927 2218; x_wconf 87' lang='lat' dir='ltr'><strong>interempti</strong></span> <span class='ocrx_word' id='word_1_144' title='bbox 943 2153 1003 2198; x_wconf 92' lang='lat' dir='ltr'><strong>non</strong></span> <span class='ocrx_word' id='word_1_145' title='bbox 1020 2134 1100 2213; x_wconf 91' lang='lat' dir='ltr'><strong>sunt,</strong></span> <span class='ocrx_word' id='word_1_146' title='bbox 1123 2137 1230 2214; x_wconf 90' lang='lat' dir='ltr'><strong>postea</strong></span> <span class='ocrx_word' id='word_1_147' title='bbox 1244 2131 1348 2214; x_wconf 87' lang='lat' dir='ltr'><strong>poenis</strong></span> 
     </span>
     <span class='ocr_line' id='line_1_19' title="bbox 236 2235 1346 2321; baseline -0.003 -20"><span class='ocrx_word' id='word_1_148' title='bbox 236 2236 344 2301; x_wconf 90' lang='lat' dir='ltr'><strong>adtriti</strong></span> <span class='ocrx_word' id='word_1_149' title='bbox 367 2237 449 2321; x_wconf 88' lang='lat' dir='ltr'><strong>regio</strong></span> <span class='ocrx_word' id='word_1_150' title='bbox 473 2236 561 2300; x_wconf 91' lang='lat' dir='ltr'><strong>iussu</strong></span> <span class='ocrx_word' id='word_1_151' title='bbox 582 2255 688 2301; x_wconf 85' lang='lat' dir='ltr'><strong>omnes</strong></span> <span class='ocrx_word' id='word_1_152' title='bbox 710 2255 807 2318; x_wconf 91' lang='lat' dir='ltr'><strong>paene</strong></span> <span class='ocrx_word' id='word_1_153' title='bbox 822 2237 922 2301; x_wconf 91' lang='lat' dir='ltr'><strong>necati</strong></span> <span class='ocrx_word' id='word_1_154' title='bbox 938 2237 1021 2318; x_wconf 85' lang='lat' dir='ltr'><strong>suut,</strong></span> <span class='ocrx_word' id='word_1_155' title='bbox 1045 2235 1226 2318; x_wconf 87' lang='lat' dir='ltr'><strong>praesertim</strong></span> <span class='ocrx_word' id='word_1_156' title='bbox 1244 2238 1346 2300; x_wconf 90' lang='lat' dir='ltr'><strong>matu·</strong></span> 
     </span>
     <span class='ocr_line' id='line_1_20' title="bbox 233 2336 1346 2424; baseline -0.002 -21"><span class='ocrx_word' id='word_1_157' title='bbox 233 2340 322 2404; x_wconf 90' lang='lat' dir='ltr'><strong>rioris</strong></span> <span class='ocrx_word' id='word_1_158' title='bbox 345 2338 466 2405; x_wconf 85' lang='lat' dir='ltr'><strong>aetatis.</strong></span> <span class='ocrx_word' id='word_1_159' title='bbox 490 2340 575 2405; x_wconf 85' lang='lat' dir='ltr'><strong>Alibi</strong></span> <span class='ocrx_word' id='word_1_160' title='bbox 597 2357 738 2424; x_wconf 85' lang='lat' dir='ltr'><strong>namque,</strong></span> <span class='ocrx_word' id='word_1_161' title='bbox 763 2340 845 2406; x_wconf 92' lang='lat' dir='ltr'><strong>sicut</strong></span> <span class='ocrx_word' id='word_1_162' title='bbox 860 2341 1028 2405; x_wconf 85' lang='lat' dir='ltr'><strong>Tunuzuda</strong></span> <span class='ocrx_word' id='word_1_163' title='bbox 1043 2339 1184 2422; x_wconf 81' lang='lat' dir='ltr'><strong>contigit,</strong></span> <span class='ocrx_word' id='word_1_164' title='bbox 1207 2336 1346 2414; x_wconf 73' lang='lat' dir='ltr'><strong>edibus,</strong></span> 
     </span>
     <span class='ocr_line' id='line_1_21' title="bbox 233 2438 1382 2528; baseline 0 -20"><span class='ocrx_word' id='word_1_165' title='bbox 233 2444 310 2509; x_wconf 92' lang='lat' dir='ltr'><strong>Uiou</strong></span> <span class='ocrx_word' id='word_1_166' title='bbox 333 2443 518 2507; x_wconf 83' lang='lat' dir='ltr'><strong>Ammonias</strong></span> <span class='ocrx_word' id='word_1_167' title='bbox 548 2438 606 2506; x_wconf 61' lang='lat' dir='ltr'><strong>uel‘</strong></span> <span class='ocrx_word' id='word_1_168' title='bbox 630 2442 699 2507; x_wconf 91' lang='lat' dir='ltr'><strong>aliis</strong></span> <span class='ocrx_word' id='word_1_169' title='bbox 721 2443 754 2507; x_wconf 94' lang='lat' dir='ltr'><strong>in</strong></span> <span class='ocrx_word' id='word_1_170' title='bbox 776 2443 862 2528; x_wconf 88' lang='lat' dir='ltr'><strong>locis,</strong></span> <span class='ocrx_word' id='word_1_171' title='bbox 899 2447 1037 2525; x_wconf 88' lang='lat' dir='ltr'><strong>tempore</strong></span> <span class='ocrx_word' id='word_1_172' title='bbox 1072 2459 1131 2524; x_wconf 88' lang='lat' dir='ltr'><strong>quo</strong></span> <span class='ocrx_word' id='word_1_173' title='bbox 1154 2444 1382 2508; x_wconf 73' lang='lat' dir='ltr'><strong>sacramentale</strong></span> 
     </span>
     <span class='ocr_line' id='line_1_22' title="bbox 232 2545 1346 2629; baseline 0 -21"><span class='ocrx_word' id='word_1_174' title='bbox 232 2545 280 2610; x_wconf 89' lang='lat' dir='ltr'><strong>dei</strong></span> <span class='ocrx_word' id='word_1_175' title='bbox 295 2546 407 2629; x_wconf 92' lang='lat' dir='ltr'><strong>populo</strong></span> <span class='ocrx_word' id='word_1_176' title='bbox 421 2546 667 2629; x_wconf 83' lang='lat' dir='ltr'><strong>porrigebantur,</strong></span> <span class='ocrx_word' id='word_1_177' title='bbox 683 2547 875 2611; x_wconf 90' lang='lat' dir='ltr'><strong>introeuntes</strong></span> <span class='ocrx_word' id='word_1_178' title='bbox 891 2546 1025 2610; x_wconf 87' lang='lat' dir='ltr'><strong>maximo</strong></span> <span class='ocrx_word' id='word_1_179' title='bbox 1038 2564 1108 2611; x_wconf 91' lang='lat' dir='ltr'><strong>oum</strong></span> <span class='ocrx_word' id='word_1_180' title='bbox 1121 2545 1223 2610; x_wconf 86' lang='lat' dir='ltr'><strong>furore</strong></span> <span class='ocrx_word' id='word_1_181' title='bbox 1239 2561 1346 2628; x_wconf 86' lang='lat' dir='ltr'><strong>corpus</strong></span> 
     </span>
     <span class='ocr_line' id='line_1_23' title="bbox 232 2645 1346 2732; baseline 0.001 -21"><span class='ocrx_word' id='word_1_182' title='bbox 232 2645 348 2711; x_wconf 83' lang='lat' dir='ltr'><strong>Christi</strong></span> <span class='ocrx_word' id='word_1_183' title='bbox 372 2650 402 2710; x_wconf 91' lang='lat' dir='ltr'><strong>et</strong></span> <span class='ocrx_word' id='word_1_184' title='bbox 425 2650 608 2731; x_wconf 86' lang='lat' dir='ltr'><strong>sanguinem</strong></span> <span class='ocrx_word' id='word_1_185' title='bbox 641 2649 828 2732; x_wconf 88' lang='lat' dir='ltr'><strong>pauimentis</strong></span> <span class='ocrx_word' id='word_1_186' title='bbox 856 2651 1035 2729; x_wconf 90' lang='lat' dir='ltr'><strong>sparserunt</strong></span> <span class='ocrx_word' id='word_1_187' title='bbox 1057 2650 1088 2712; x_wconf 90' lang='lat' dir='ltr'><strong>et</strong></span> <span class='ocrx_word' id='word_1_188' title='bbox 1110 2647 1191 2711; x_wconf 91' lang='lat' dir='ltr'><strong>illud</strong></span> <span class='ocrx_word' id='word_1_189' title='bbox 1217 2647 1346 2730; x_wconf 89' lang='lat' dir='ltr'><strong>pollutis</strong></span> 
     </span>
     <span class='ocr_line' id='line_1_24' title="bbox 230 2751 589 2832; baseline -0.006 -16"><span class='ocrx_word' id='word_1_190' title='bbox 230 2751 357 2832; x_wconf 91' lang='lat' dir='ltr'><strong>pedibus</strong></span> <span class='ocrx_word' id='word_1_191' title='bbox 381 2751 589 2817; x_wconf 87' lang='lat' dir='ltr'><strong>calcaueruut.</strong></span> 
     </span>
    </p>
   </div>
   <div class='ocr_carea' id='block_1_5' title="bbox 176 2887 1380 3077">
    <p class='ocr_par' dir='ltr' id='par_1_6' title="bbox 176 2887 1380 3077">
     <span class='ocr_line' id='line_1_25' title="bbox 176 2887 1344 2973; baseline -0.007 -13"><span class='ocrx_word' id='word_1_192' title='bbox 176 2896 219 2960; x_wconf 82' lang='lat'><strong>43</strong></span> <span class='ocrx_word' id='word_1_193' title='bbox 275 2888 311 2971; x_wconf 86' lang='grc' dir='ltr'><strong>(Ι,</strong></span> <span class='ocrx_word' id='word_1_194' title='bbox 331 2888 383 2973; x_wconf 89' lang='grc'><strong>14)</strong></span> <span class='ocrx_word' id='word_1_195' title='bbox 406 2890 478 2973; x_wconf 89' lang='lat' dir='ltr'><strong>Ipso</strong></span> <span class='ocrx_word' id='word_1_196' title='bbox 494 2892 574 2955; x_wconf 91' lang='lat' dir='ltr'><strong>enim</strong></span> <span class='ocrx_word' id='word_1_197' title='bbox 588 2889 761 2957; x_wconf 81' lang='lat' dir='ltr'><strong>Geisericus</strong></span> <span class='ocrx_word' id='word_1_198' title='bbox 777 2891 975 2972; x_wconf 88' lang='lat' dir='ltr'><strong>praeceperat</strong></span> <span class='ocrx_word' id='word_1_199' title='bbox 990 2891 1127 2970; x_wconf 91' lang='lat' dir='ltr'><strong>tempore</strong></span> <span class='ocrx_word' id='word_1_200' title='bbox 1142 2887 1344 2953; x_wconf 88' lang='lat' dir='ltr'><strong>suadentibus</strong></span> 
     </span>
     <span class='ocr_line' id='line_1_26' title="bbox 230 2991 1380 3077; baseline 0.001 -23"><span class='ocrx_word' id='word_1_201' title='bbox 230 2991 380 3074; x_wconf 89' lang='lat' dir='ltr'><strong>episcopis</strong></span> <span class='ocrx_word' id='word_1_202' title='bbox 403 2992 479 3077; x_wconf 87' lang='lat' dir='ltr'><strong>suis,</strong></span> <span class='ocrx_word' id='word_1_203' title='bbox 502 2995 537 3056; x_wconf 92' lang='lat' dir='ltr'><strong>ut</strong></span> <span class='ocrx_word' id='word_1_204' title='bbox 558 2993 639 3058; x_wconf 89' lang='lat' dir='ltr'><strong>intra</strong></span> <span class='ocrx_word' id='word_1_205' title='bbox 661 2993 763 3057; x_wconf 88' lang='lat' dir='ltr'><strong>aulam</strong></span> <span class='ocrx_word' id='word_1_206' title='bbox 790 3012 878 3058; x_wconf 91' lang='lat' dir='ltr'><strong>suam</strong></span> <span class='ocrx_word' id='word_1_207' title='bbox 899 2992 1093 3075; x_wconf 85' lang='lat' dir='ltr'><strong>filiorumque</strong></span> <span class='ocrx_word' id='word_1_208' title='bbox 1119 3009 1245 3055; x_wconf 91' lang='lat' dir='ltr'><strong>suorum</strong></span> <span class='ocrx_word' id='word_1_209' title='bbox 1268 3008 1380 3055; x_wconf 76' lang='lat' dir='ltr'><strong>nou-rs</strong></span> 
     </span>
    </p>
   </div>
   <div class='ocr_carea' id='block_1_6' title="bbox 222 3246 1344 4260">
    <p class='ocr_par' dir='ltr' id='par_1_7' title="bbox 222 3246 1344 4260">
     <span class='ocr_line' id='line_1_27' title="bbox 277 3246 1277 3316; baseline 0.005 -18"><span class='ocrx_word' id='word_1_210' title='bbox 277 3247 293 3298; x_wconf 79' lang='lat'>2</span> <span class='ocrx_word' id='word_1_211' title='bbox 319 3247 406 3301; x_wconf 89' lang='lat' dir='ltr'><strong>nudus</strong></span> <span class='ocrx_word' id='word_1_212' title='bbox 434 3250 450 3316; x_wconf 84' lang='grc' dir='ltr'>β</span> <span class='ocrx_word' id='word_1_213' title='bbox 553 3248 569 3301; x_wconf 85' lang='grc'><strong><em>3</em></strong></span> <span class='ocrx_word' id='word_1_214' title='bbox 596 3263 652 3300; x_wconf 83' lang='lat' dir='ltr'><strong>anx</strong></span> <span class='ocrx_word' id='word_1_215' title='bbox 679 3266 698 3301; x_wconf 87' lang='lat' dir='ltr'><strong>a</strong></span> <span class='ocrx_word' id='word_1_216' title='bbox 799 3249 827 3301; x_wconf 94' lang='lat' dir='ltr'><strong>in</strong></span> <span class='ocrx_word' id='word_1_217' title='bbox 854 3264 904 3303; x_wconf 82' lang='lat' dir='ltr'><strong>ora.</strong></span> <span class='ocrx_word' id='word_1_218' title='bbox 929 3251 945 3316; x_wconf 75' lang='grc' dir='ltr'><strong><em>β</em></strong></span> <span class='ocrx_word' id='word_1_219' title='bbox 1047 3250 1064 3303; x_wconf 86' lang='grc'>5</span> <span class='ocrx_word' id='word_1_220' title='bbox 1090 3246 1223 3315; x_wconf 89' lang='lat' dir='ltr'><strong>quondam</strong></span> <span class='ocrx_word' id='word_1_221' title='bbox 1250 3249 1277 3303; x_wconf 80' lang='lat' dir='ltr'><em>L</em></span> 
     </span>
     <span class='ocr_line' id='line_1_28' title="bbox 226 3331 1276 3403; baseline 0.005 -18"><span class='ocrx_word' id='word_1_222' title='bbox 226 3332 345 3400; x_wconf 88' lang='lat' dir='ltr'><strong>paschali</strong></span> <span class='ocrx_word' id='word_1_223' title='bbox 363 3331 445 3387; x_wconf 81' lang='lat' dir='ltr'><strong>BVC</strong></span> <span class='ocrx_word' id='word_1_224' title='bbox 469 3332 582 3401; x_wconf 88' lang='lat' dir='ltr'><strong>pascalis</strong></span> <span class='ocrx_word' id='word_1_225' title='bbox 600 3333 663 3386; x_wconf 90' lang='lat' dir='ltr'><strong>MP</strong></span> <span class='ocrx_word' id='word_1_226' title='bbox 755 3334 771 3388; x_wconf 88' lang='grc'><strong>6</strong></span> <span class='ocrx_word' id='word_1_227' title='bbox 789 3335 864 3403; x_wconf 85' lang='lat' dir='ltr'><strong>quae]</strong></span> <span class='ocrx_word' id='word_1_228' title='bbox 882 3335 929 3402; x_wconf 88' lang='lat' dir='ltr'><strong>qui</strong></span> <span class='ocrx_word' id='word_1_229' title='bbox 951 3333 1105 3389; x_wconf 78' lang='lat' dir='ltr'><strong>V’OMsaL</strong></span> <span class='ocrx_word' id='word_1_230' title='bbox 1190 3335 1276 3390; x_wconf 84' lang='lat' dir='ltr'><strong>dieib</strong></span> 
     </span>
     <span class='ocr_line' id='line_1_29' title="bbox 226 3418 1344 3488; baseline 0.003 -17"><span class='ocrx_word' id='word_1_231' title='bbox 226 3419 241 3471; x_wconf 82' lang='grc'><strong>1</strong></span> <span class='ocrx_word' id='word_1_232' title='bbox 259 3418 382 3473; x_wconf 89' lang='lat' dir='ltr'><strong>honorem</strong></span> <span class='ocrx_word' id='word_1_233' title='bbox 402 3420 418 3486; x_wconf 84' lang='grc' dir='ltr'><strong><em>β</em></strong></span> <span class='ocrx_word' id='word_1_234' title='bbox 517 3420 701 3488; x_wconf 88' lang='lat' dir='ltr'><strong>conperemnt]</strong></span> <span class='ocrx_word' id='word_1_235' title='bbox 719 3421 751 3472; x_wconf 89' lang='lat' dir='ltr'><strong>ut</strong></span> <span class='ocrx_word' id='word_1_236' title='bbox 768 3421 951 3488; x_wconf 89' lang='lat' dir='ltr'><strong>compererunt</strong></span> <span class='ocrx_word' id='word_1_237' title='bbox 969 3420 1022 3473; x_wconf 85' lang='lat' dir='ltr'><strong>Mc</strong></span> <span class='ocrx_word' id='word_1_238' title='bbox 1048 3425 1209 3488; x_wconf 87' lang='lat' dir='ltr'><strong>conperount</strong></span> <span class='ocrx_word' id='word_1_239' title='bbox 1225 3422 1263 3476; x_wconf 91' lang='lat' dir='ltr'><em>W</em></span> <span class='ocrx_word' id='word_1_240' title='bbox 1285 3436 1344 3475; x_wconf 92' lang='lat' dir='ltr'><strong>con-</strong></span> 
     </span>
     <span class='ocr_line' id='line_1_30' title="bbox 226 3504 1275 3574; baseline 0.003 -17"><span class='ocrx_word' id='word_1_241' title='bbox 226 3505 334 3572; x_wconf 89' lang='lat' dir='ltr'><strong>periunt</strong></span> <span class='ocrx_word' id='word_1_242' title='bbox 358 3505 374 3557; x_wconf 84' lang='lat' dir='ltr'><strong><em>b</em></strong></span> <span class='ocrx_word' id='word_1_243' title='bbox 408 3506 578 3573; x_wconf 88' lang='lat' dir='ltr'><strong>compereunt</strong></span> <span class='ocrx_word' id='word_1_244' title='bbox 602 3504 656 3559; x_wconf 86' lang='lat' dir='ltr'><strong>PR</strong></span> <span class='ocrx_word' id='word_1_245' title='bbox 757 3505 774 3556; x_wconf 88' lang='grc'>8</span> <span class='ocrx_word' id='word_1_246' title='bbox 798 3506 893 3560; x_wconf 89' lang='lat' dir='ltr'><strong>auduit</strong></span> <span class='ocrx_word' id='word_1_247' title='bbox 916 3523 934 3558; x_wconf 87' lang='lat' dir='ltr'><strong>a</strong></span> <span class='ocrx_word' id='word_1_248' title='bbox 969 3505 1061 3560; x_wconf 87' lang='lat' dir='ltr'><strong>andiot</strong></span> <span class='ocrx_word' id='word_1_249' title='bbox 1083 3506 1110 3560; x_wconf 83' lang='lat' dir='ltr'><strong><em>L</em></strong></span> <span class='ocrx_word' id='word_1_250' title='bbox 1144 3506 1275 3574; x_wconf 74' lang='lat' dir='ltr'><strong>adduittt</strong></span> 
     </span>
     <span class='ocr_line' id='line_1_31' title="bbox 225 3590 1343 3660; baseline 0.001 -17"><span class='ocrx_word' id='word_1_251' title='bbox 225 3590 448 3660; x_wconf 85' lang='lat' dir='ltr'><strong>9congregatam</strong></span> <span class='ocrx_word' id='word_1_252' title='bbox 466 3596 491 3644; x_wconf 85' lang='lat' dir='ltr'><strong>et</strong></span> <span class='ocrx_word' id='word_1_253' title='bbox 509 3592 652 3660; x_wconf 68' lang='lat' dir='ltr'><strong>mauumtl</strong></span> <span class='ocrx_word' id='word_1_254' title='bbox 688 3606 774 3645; x_wconf 90' lang='lat' dir='ltr'><strong>secum</strong></span> <span class='ocrx_word' id='word_1_255' title='bbox 793 3593 879 3659; x_wconf 73' lang='lat' dir='ltr'><strong>orati</strong></span> <span class='ocrx_word' id='word_1_256' title='bbox 983 3592 1016 3644; x_wconf 92' lang='grc'><strong>10</strong></span> <span class='ocrx_word' id='word_1_257' title='bbox 1037 3591 1184 3646; x_wconf 72' lang='lat' dir='ltr'><strong>occanum</strong></span> <span class='ocrx_word' id='word_1_258' title='bbox 1201 3593 1229 3645; x_wconf 95' lang='lat' dir='ltr'><strong><em>P</em></strong></span> <span class='ocrx_word' id='word_1_259' title='bbox 1252 3607 1343 3645; x_wconf 89' lang='lat' dir='ltr'><strong>acoen-</strong></span> 
     </span>
     <span class='ocr_line' id='line_1_32' title="bbox 226 3675 1341 3744; baseline -0.001 -14"><span class='ocrx_word' id='word_1_260' title='bbox 226 3675 266 3730; x_wconf 91' lang='lat' dir='ltr'><strong>dit</strong></span> <span class='ocrx_word' id='word_1_261' title='bbox 284 3677 332 3732; x_wconf 84' lang='lat' dir='ltr'><strong>tR</strong></span> <span class='ocrx_word' id='word_1_262' title='bbox 435 3677 616 3729; x_wconf 87' lang='lat' dir='ltr'><strong>innocentium</strong></span> <span class='ocrx_word' id='word_1_263' title='bbox 636 3677 719 3731; x_wconf 59' lang='grc' dir='ltr'><strong>11111ι</strong></span> <span class='ocrx_word' id='word_1_264' title='bbox 832 3677 864 3730; x_wconf 94' lang='grc'><strong>11</strong></span> <span class='ocrx_word' id='word_1_265' title='bbox 885 3677 1031 3731; x_wconf 83' lang='lat' dir='ltr'><strong>fenestram</strong></span> <span class='ocrx_word' id='word_1_266' title='bbox 1050 3679 1078 3731; x_wconf 91' lang='lat' dir='ltr'><strong><em>P</em></strong></span> <span class='ocrx_word' id='word_1_267' title='bbox 1187 3678 1219 3732; x_wconf 88' lang='grc'><strong>13</strong></span> <span class='ocrx_word' id='word_1_268' title='bbox 1237 3677 1264 3729; x_wconf 91' lang='lat' dir='ltr'><strong>in</strong></span> <span class='ocrx_word' id='word_1_269' title='bbox 1282 3677 1341 3744; x_wconf 92' lang='lat' dir='ltr'><strong>pul·</strong></span> 
     </span>
     <span class='ocr_line' id='line_1_33' title="bbox 225 3761 1342 3832; baseline 0.002 -18"><span class='ocrx_word' id='word_1_270' title='bbox 225 3763 281 3828; x_wconf 93' lang='lat' dir='ltr'><strong>pito</strong></span> <span class='ocrx_word' id='word_1_271' title='bbox 301 3763 352 3815; x_wconf 64' lang='grc'><strong>11731</strong></span> <span class='ocrx_word' id='word_1_272' title='bbox 439 3761 616 3816; x_wconf 86' lang='lat' dir='ltr'><strong>alleluiaticos</strong></span> <span class='ocrx_word' id='word_1_273' title='bbox 635 3765 651 3831; x_wconf 84' lang='grc' dir='ltr'>β</span> <span class='ocrx_word' id='word_1_274' title='bbox 739 3763 781 3816; x_wconf 89' lang='lat' dir='ltr'><strong>uel</strong></span> <span class='ocrx_word' id='word_1_275' title='bbox 798 3778 827 3816; x_wconf 89' lang='lat' dir='ltr'><strong>os</strong></span> <span class='ocrx_word' id='word_1_276' title='bbox 846 3763 860 3815; x_wconf 83' lang='lat' dir='ltr'><strong>t</strong></span> <span class='ocrx_word' id='word_1_277' title='bbox 956 3765 989 3816; x_wconf 89' lang='lat'><strong>14</strong></span> <span class='ocrx_word' id='word_1_278' title='bbox 1006 3763 1033 3816; x_wconf 92' lang='lat' dir='ltr'><strong>in</strong></span> <span class='ocrx_word' id='word_1_279' title='bbox 1046 3765 1156 3832; x_wconf 87' lang='lat' dir='ltr'><strong>gutture</strong></span> <span class='ocrx_word' id='word_1_280' title='bbox 1173 3779 1223 3816; x_wconf 85' lang='lat' dir='ltr'><strong>om.</strong></span> <span class='ocrx_word' id='word_1_281' title='bbox 1243 3763 1260 3832; x_wconf 84' lang='grc' dir='ltr'>β</span> <span class='ocrx_word' id='word_1_282' title='bbox 1281 3765 1342 3832; x_wconf 87' lang='lat' dir='ltr'><strong>gut·</strong></span> 
     </span>
     <span class='ocr_line' id='line_1_34' title="bbox 223 3848 1342 3918; baseline 0.002 -18"><span class='ocrx_word' id='word_1_283' title='bbox 223 3852 278 3900; x_wconf 89' lang='lat' dir='ltr'><strong>tere</strong></span> <span class='ocrx_word' id='word_1_284' title='bbox 300 3849 335 3902; x_wconf 88' lang='lat' dir='ltr'><strong>V¹</strong></span> <span class='ocrx_word' id='word_1_285' title='bbox 439 3849 471 3902; x_wconf 87' lang='grc'><strong>15</strong></span> <span class='ocrx_word' id='word_1_286' title='bbox 488 3848 541 3902; x_wconf 88' lang='lat' dir='ltr'><strong>alia</strong></span> <span class='ocrx_word' id='word_1_287' title='bbox 559 3849 662 3902; x_wconf 82' lang='lat' dir='ltr'><strong>BVOs¹</strong></span> <span class='ocrx_word' id='word_1_288' title='bbox 755 3863 833 3916; x_wconf 88' lang='lat' dir='ltr'><strong>quam</strong></span> <span class='ocrx_word' id='word_1_289' title='bbox 852 3849 971 3918; x_wconf 87' lang='lat' dir='ltr'><strong>plurimi]</strong></span> <span class='ocrx_word' id='word_1_290' title='bbox 990 3849 1107 3902; x_wconf 85' lang='lat' dir='ltr'><strong>multia</strong></span> <span class='ocrx_word' id='word_1_291' title='bbox 1211 3849 1342 3904; x_wconf 68' lang='grc'><strong>191111111-</strong></span> 
     </span>
     <span class='ocr_line' id='line_1_35' title="bbox 223 3933 1271 4005; baseline 0.006 -21"><span class='ocrx_word' id='word_1_292' title='bbox 223 3933 291 3986; x_wconf 84' lang='lat' dir='ltr'><strong>zuda</strong></span> <span class='ocrx_word' id='word_1_293' title='bbox 319 3934 387 3991; x_wconf 90' lang='lat' dir='ltr'><strong>BW</strong></span> <span class='ocrx_word' id='word_1_294' title='bbox 418 3934 554 3989; x_wconf 86' lang='lat' dir='ltr'><strong>tunaunda</strong></span> <span class='ocrx_word' id='word_1_295' title='bbox 579 3935 629 4001; x_wconf 63' lang='lat' dir='ltr'><strong>aa</strong></span> <span class='ocrx_word' id='word_1_296' title='bbox 662 3935 792 3989; x_wconf 84' lang='lat' dir='ltr'><strong>tinuzuda</strong></span> <span class='ocrx_word' id='word_1_297' title='bbox 812 3935 858 3989; x_wconf 86' lang='lat' dir='ltr'><strong>Pb</strong></span> <span class='ocrx_word' id='word_1_298' title='bbox 892 3951 963 3990; x_wconf 88' lang='lat' dir='ltr'><strong>nunc</strong></span> <span class='ocrx_word' id='word_1_299' title='bbox 980 3953 998 3989; x_wconf 86' lang='lat' dir='ltr'><strong>a</strong></span> <span class='ocrx_word' id='word_1_300' title='bbox 1100 3933 1195 4002; x_wconf 83' lang='lat' dir='ltr'><strong>gelbus</strong></span> <span class='ocrx_word' id='word_1_301' title='bbox 1217 3936 1271 4005; x_wconf 77' lang='lat' dir='ltr'><strong>Wd</strong></span> 
     </span>
     <span class='ocr_line' id='line_1_36' title="bbox 222 4020 1341 4090; baseline 0.004 -18"><span class='ocrx_word' id='word_1_302' title='bbox 222 4020 256 4072; x_wconf 82' lang='lat'><strong>20</strong></span> <span class='ocrx_word' id='word_1_303' title='bbox 272 4020 331 4073; x_wconf 92' lang='lat' dir='ltr'><strong>uico</strong></span> <span class='ocrx_word' id='word_1_304' title='bbox 353 4023 406 4076; x_wconf 89' lang='lat' dir='ltr'><strong>Wo</strong></span> <span class='ocrx_word' id='word_1_305' title='bbox 509 4023 628 4090; x_wconf 68' lang='lat' dir='ltr'><strong>amoenis</strong></span> <span class='ocrx_word' id='word_1_306' title='bbox 651 4023 688 4076; x_wconf 92' lang='lat' dir='ltr'><em>W</em></span> <span class='ocrx_word' id='word_1_307' title='bbox 721 4021 789 4076; x_wconf 90' lang='lat' dir='ltr'><strong>Uiou</strong></span> <span class='ocrx_word' id='word_1_308' title='bbox 807 4022 963 4077; x_wconf 82' lang='lat' dir='ltr'><strong>Ammonias</strong></span> <span class='ocrx_word' id='word_1_309' title='bbox 981 4038 1042 4077; x_wconf 81' lang='lat' dir='ltr'><strong>cam</strong></span> <span class='ocrx_word' id='word_1_310' title='bbox 1059 4021 1224 4075; x_wconf 82' lang='lat' dir='ltr'><strong>Mommseao</strong></span> <span class='ocrx_word' id='word_1_311' title='bbox 1242 4037 1341 4076; x_wconf 79' lang='lat' dir='ltr'><strong>uomere</strong></span> 
     </span>
     <span class='ocr_line' id='line_1_37' title="bbox 223 4107 1272 4178; baseline 0.002 -19"><span class='ocrx_word' id='word_1_312' title='bbox 223 4107 275 4159; x_wconf 83' lang='lat' dir='ltr'><strong>loci</strong></span> <span class='ocrx_word' id='word_1_313' title='bbox 293 4122 347 4162; x_wconf 85' lang='lat' dir='ltr'><strong>esse</strong></span> <span class='ocrx_word' id='word_1_314' title='bbox 360 4112 431 4175; x_wconf 79' lang='lat' dir='ltr'><strong>puto</strong></span> <span class='ocrx_word' id='word_1_315' title='bbox 533 4108 565 4160; x_wconf 80' lang='lat'><strong>21</strong></span> <span class='ocrx_word' id='word_1_316' title='bbox 585 4108 740 4162; x_wconf 87' lang='lat' dir='ltr'><strong>introeunte</strong></span> <span class='ocrx_word' id='word_1_317' title='bbox 754 4108 930 4177; x_wconf 70' lang='lat' dir='ltr'><strong>maximinot</strong></span> <span class='ocrx_word' id='word_1_318' title='bbox 1033 4107 1066 4160; x_wconf 82' lang='grc'><strong>22</strong></span> <span class='ocrx_word' id='word_1_319' title='bbox 1084 4107 1272 4178; x_wconf 70' lang='lat' dir='ltr'><strong>pauimentod</strong></span> 
     </span>
     <span class='ocr_line' id='line_1_38' title="bbox 222 4193 670 4260; baseline 0.004 -17"><span class='ocrx_word' id='word_1_320' title='bbox 222 4195 391 4259; x_wconf 82' lang='lat' dir='ltr'><strong>euparserunt</strong></span> <span class='ocrx_word' id='word_1_321' title='bbox 408 4193 423 4246; x_wconf 89' lang='lat' dir='ltr'><em>b</em></span> <span class='ocrx_word' id='word_1_322' title='bbox 527 4193 561 4245; x_wconf 75' lang='lat'><strong>‘24</strong></span> <span class='ocrx_word' id='word_1_323' title='bbox 578 4193 633 4260; x_wconf 90' lang='lat' dir='ltr'><strong>ipse</strong></span> <span class='ocrx_word' id='word_1_324' title='bbox 652 4210 670 4245; x_wconf 89' lang='lat' dir='ltr'><strong>o</strong></span> 
     </span>
    </p>
   </div>
   <div class='ocr_carea' id='block_1_7' title="bbox 0 0 1560 4824">
    <p class='ocr_par' dir='ltr' id='par_1_8' title="bbox 0 0 1560 4824">
     <span class='ocr_line' id='line_1_39' title="bbox 0 0 1560 4824; baseline 0 4"><span class='ocrx_word' id='word_1_325' title='bbox 0 0 1560 4824; x_wconf 95' lang='lat' dir='ltr'><strong> </strong></span> 
     </span>
    </p>
   </div>
  </div>
 </body>
</html>
