<?xml version="1.0" encoding="UTF-8"?>
<!DOCTYPE html PUBLIC "-//W3C//DTD XHTML 1.0 Transitional//EN"
    "http://www.w3.org/TR/xhtml1/DTD/xhtml1-transitional.dtd">
<html xmlns="http://www.w3.org/1999/xhtml" xml:lang="en" lang="en">
 <head>
  <title>
</title>
<meta http-equiv="Content-Type" content="text/html;charset=utf-8" />
  <meta name='ocr-system' content='tesseract 3.04.00' />
  <meta name='ocr-capabilities' content='ocr_page ocr_carea ocr_par ocr_line ocrx_word'/>
</head>
<body>
  <div class='ocr_page' id='page_1' title='image "./victorisepiscop00victgoog_0018.png"; bbox 0 0 3112 4824; ppageno 0'>
   <div class='ocr_carea' id='block_1_1' title="bbox 1281 342 1335 396">
    <p class='ocr_par' dir='ltr' id='par_1_1' title="bbox 1281 342 1335 396">
     <span class='ocr_line' id='line_1_1' title="bbox 1281 342 1335 396; baseline 0 0"><span class='ocrx_word' id='word_1_1' title='bbox 1281 342 1335 396; x_wconf 85' lang='lat' dir='ltr'><strong>VII</strong></span> 
     </span>
    </p>
   </div>
   <div class='ocr_carea' id='block_1_2' title="bbox 175 513 1336 1848">
    <p class='ocr_par' dir='ltr' id='par_1_2' title="bbox 175 513 1334 1428">
     <span class='ocr_line' id='line_1_2' title="bbox 175 513 1334 601; baseline 0.002 -22"><span class='ocrx_word' id='word_1_2' title='bbox 175 524 205 579; x_wconf 77' lang='grc' dir='ltr'><strong><em>Δ</em></strong></span> <span class='ocrx_word' id='word_1_3' title='bbox 219 516 254 583; x_wconf 88' lang='lat' dir='ltr'><strong>iu</strong></span> <span class='ocrx_word' id='word_1_4' title='bbox 276 515 409 585; x_wconf 83' lang='lat' dir='ltr'><strong>Uictoris</strong></span> <span class='ocrx_word' id='word_1_5' title='bbox 431 515 519 581; x_wconf 90' lang='lat' dir='ltr'><strong>libris</strong></span> <span class='ocrx_word' id='word_1_6' title='bbox 542 533 637 585; x_wconf 83' lang='lat' dir='ltr'><strong>mauu</strong></span> <span class='ocrx_word' id='word_1_7' title='bbox 659 514 792 601; x_wconf 86' lang='lat' dir='ltr'><strong>seriptis,</strong></span> <span class='ocrx_word' id='word_1_8' title='bbox 816 513 870 580; x_wconf 91' lang='lat' dir='ltr'><strong>sed</strong></span> <span class='ocrx_word' id='word_1_9' title='bbox 894 515 990 581; x_wconf 87' lang='lat' dir='ltr'><strong>etiam</strong></span> <span class='ocrx_word' id='word_1_10' title='bbox 1012 515 1044 580; x_wconf 93' lang='lat' dir='ltr'><strong>in</strong></span> <span class='ocrx_word' id='word_1_11' title='bbox 1066 516 1168 582; x_wconf 88' lang='lat' dir='ltr'><strong>codice</strong></span> <span class='ocrx_word' id='word_1_12' title='bbox 1189 515 1334 582; x_wconf 82' lang='lat' dir='ltr'><strong>Lauda·</strong></span> 
     </span>
     <span class='ocr_line' id='line_1_3' title="bbox 218 617 1332 696; baseline -0.001 -13"><span class='ocrx_word' id='word_1_13' title='bbox 218 620 350 683; x_wconf 91' lang='lat' dir='ltr'><strong>nensi</strong></span> <span class='ocrx_word' id='word_1_14' title='bbox 382 638 412 683; x_wconf 92' lang='lat' dir='ltr'><strong>n.</strong></span> <span class='ocrx_word' id='word_1_15' title='bbox 444 618 505 684; x_wconf 89' lang='lat'><strong>113</strong></span> <span class='ocrx_word' id='word_1_16' title='bbox 534 636 612 683; x_wconf 89' lang='lat' dir='ltr'><strong>saec.</strong></span> <span class='ocrx_word' id='word_1_17' title='bbox 640 617 687 681; x_wconf 88' lang='lat' dir='ltr'><strong>IX</strong></span> <span class='ocrx_word' id='word_1_18' title='bbox 720 620 861 683; x_wconf 88' lang='lat' dir='ltr'><strong>seruatus</strong></span> <span class='ocrx_word' id='word_1_19' title='bbox 894 621 951 682; x_wconf 87' lang='lat' dir='ltr'><strong>est.</strong></span> <span class='ocrx_word' id='word_1_20' title='bbox 996 617 1054 685; x_wconf 84' lang='lat' dir='ltr'><strong>Sed</strong></span> <span class='ocrx_word' id='word_1_21' title='bbox 1088 617 1332 696; x_wconf 86' lang='lat' dir='ltr'><strong>Laudunsnsem,</strong></span> 
     </span>
     <span class='ocr_line' id='line_1_4' title="bbox 218 721 1334 815; baseline -0.002 -29"><span class='ocrx_word' id='word_1_22' title='bbox 218 722 360 815; x_wconf 72' lang='lat' dir='ltr'><strong>quamuis</strong></span> <span class='ocrx_word' id='word_1_23' title='bbox 381 721 432 786; x_wconf 90' lang='lat' dir='ltr'><strong>bio</strong></span> <span class='ocrx_word' id='word_1_24' title='bbox 453 721 518 787; x_wconf 95' lang='lat' dir='ltr'><strong>illio</strong></span> <span class='ocrx_word' id='word_1_25' title='bbox 541 721 675 804; x_wconf 87' lang='lat' dir='ltr'><strong>optimae</strong></span> <span class='ocrx_word' id='word_1_26' title='bbox 697 721 740 787; x_wconf 89' lang='lat' dir='ltr'><strong>sit</strong></span> <span class='ocrx_word' id='word_1_27' title='bbox 761 724 864 797; x_wconf 88' lang='lat' dir='ltr'><strong>notae,</strong></span> <span class='ocrx_word' id='word_1_28' title='bbox 892 722 997 786; x_wconf 89' lang='lat' dir='ltr'><strong>tamen</strong></span> <span class='ocrx_word' id='word_1_29' title='bbox 1020 722 1142 803; x_wconf 90' lang='lat' dir='ltr'><strong>saepius</strong></span> <span class='ocrx_word' id='word_1_30' title='bbox 1165 721 1334 804; x_wconf 91' lang='lat' dir='ltr'><strong>interpola·</strong></span> 
     </span>
     <span class='ocr_line' id='line_1_5' title="bbox 219 812 1334 909; baseline -0.001 -19"><span class='ocrx_word' id='word_1_31' title='bbox 219 812 352 897; x_wconf 76' lang='lat' dir='ltr'><strong>tionibus</strong></span> <span class='ocrx_word' id='word_1_32' title='bbox 374 823 570 907; x_wconf 88' lang='lat' dir='ltr'><strong>inquinatum</strong></span> <span class='ocrx_word' id='word_1_33' title='bbox 586 841 652 890; x_wconf 89' lang='lat' dir='ltr'><strong>esse</strong></span> <span class='ocrx_word' id='word_1_34' title='bbox 668 823 762 909; x_wconf 88' lang='lat' dir='ltr'><strong>atquo</strong></span> <span class='ocrx_word' id='word_1_35' title='bbox 784 823 993 890; x_wconf 80' lang='lat' dir='ltr'><strong>recensionem</strong></span> <span class='ocrx_word' id='word_1_36' title='bbox 1008 823 1148 892; x_wconf 86' lang='lat' dir='ltr'><strong>exhibere</strong></span> <span class='ocrx_word' id='word_1_37' title='bbox 1164 844 1183 890; x_wconf 91' lang='lat' dir='ltr'><strong>a</strong></span> <span class='ocrx_word' id='word_1_38' title='bbox 1197 823 1334 890; x_wconf 88' lang='lat' dir='ltr'><strong>Uictoris</strong></span> 
     </span>
     <span class='ocr_line' id='line_1_6' title="bbox 218 920 1334 1012; baseline -0.003 -18"><span class='ocrx_word' id='word_1_39' title='bbox 218 920 309 997; x_wconf 78' lang='lat' dir='ltr'><strong>llb&#39;ris¹</strong></span> <span class='ocrx_word' id='word_1_40' title='bbox 333 926 432 1012; x_wconf 85' lang='lat' dir='ltr'><strong>longe¹</strong></span> <span class='ocrx_word' id='word_1_41' title='bbox 454 925 608 995; x_wconf 87' lang='lat' dir='ltr'><strong>diuersam</strong></span> <span class='ocrx_word' id='word_1_42' title='bbox 638 928 670 993; x_wconf 92' lang='lat' dir='ltr'><strong>in</strong></span> <span class='ocrx_word' id='word_1_43' title='bbox 699 925 972 1004; x_wconf 72' lang='lat' dir='ltr'><strong>commentatione,</strong></span> <span class='ocrx_word' id='word_1_44' title='bbox 1006 926 1091 992; x_wconf 90' lang='lat' dir='ltr'><strong>cuius</strong></span> <span class='ocrx_word' id='word_1_45' title='bbox 1121 945 1216 1010; x_wconf 90' lang='lat' dir='ltr'><strong>supra</strong></span> <span class='ocrx_word' id='word_1_46' title='bbox 1244 945 1334 991; x_wconf 88' lang='lat' dir='ltr'><strong>men·</strong></span> 
     </span>
     <span class='ocr_line' id='line_1_7' title="bbox 217 1017 1334 1113; baseline -0.004 -15"><span class='ocrx_word' id='word_1_47' title='bbox 217 1031 335 1105; x_wconf 82' lang='lat' dir='ltr'><strong>tionem</strong></span> <span class='ocrx_word' id='word_1_48' title='bbox 358 1029 429 1108; x_wconf 82' lang='lat' dir='ltr'><strong>feci,</strong></span> <span class='ocrx_word' id='word_1_49' title='bbox 464 1017 573 1095; x_wconf 88' lang='lat' dir='ltr'><strong>multis</strong></span> <span class='ocrx_word' id='word_1_50' title='bbox 596 1029 744 1112; x_wconf 83' lang='lat' dir='ltr'><strong>exemplis</strong></span> <span class='ocrx_word' id='word_1_51' title='bbox 766 1028 798 1093; x_wconf 92' lang='lat' dir='ltr'><strong>et</strong></span> <span class='ocrx_word' id='word_1_52' title='bbox 819 1029 1010 1113; x_wconf 78' lang='lat' dir='ltr'><strong>argumentis</strong></span> <span class='ocrx_word' id='word_1_53' title='bbox 1038 1018 1173 1112; x_wconf 87' lang='lat' dir='ltr'><strong>probaui.</strong></span> <span class='ocrx_word' id='word_1_54' title='bbox 1212 1027 1334 1108; x_wconf 79' lang='lat' dir='ltr'><strong>Quare</strong></span> 
     </span>
     <span class='ocr_line' id='line_1_8' title="bbox 217 1126 1333 1227; baseline -0.003 -28"><span class='ocrx_word' id='word_1_55' title='bbox 217 1134 264 1227; x_wconf 65' lang='lat' dir='ltr'><strong>in3</strong></span> <span class='ocrx_word' id='word_1_56' title='bbox 283 1128 369 1200; x_wconf 85' lang='lat' dir='ltr'><strong>textu</strong></span> <span class='ocrx_word' id='word_1_57' title='bbox 396 1131 508 1199; x_wconf 82' lang='lat' dir='ltr'><strong>Libri</strong></span> <span class='ocrx_word' id='word_1_58' title='bbox 541 1126 642 1203; x_wconf 84' lang='lat' dir='ltr'><strong>fidei</strong></span> <span class='ocrx_word' id='word_1_59' title='bbox 673 1130 885 1198; x_wconf 86' lang='lat' dir='ltr'><strong>constituendo</strong></span> <span class='ocrx_word' id='word_1_60' title='bbox 908 1130 1044 1207; x_wconf 88' lang='lat' dir='ltr'><strong>Uictoris</strong></span> <span class='ocrx_word' id='word_1_61' title='bbox 1071 1131 1188 1223; x_wconf 73' lang='lat' dir='ltr'><strong>codices</strong></span> <span class='ocrx_word' id='word_1_62' title='bbox 1216 1131 1262 1199; x_wconf 89' lang='lat' dir='ltr'><strong>ita</strong></span> <span class='ocrx_word' id='word_1_63' title='bbox 1284 1150 1333 1197; x_wconf 90' lang='lat' dir='ltr'><strong>se·</strong></span> 
     </span>
     <span class='ocr_line' id='line_1_9' title="bbox 216 1228 1334 1318; baseline -0.003 -16"><span class='ocrx_word' id='word_1_64' title='bbox 216 1228 308 1302; x_wconf 83' lang='lat' dir='ltr'><strong>cutus</strong></span> <span class='ocrx_word' id='word_1_65' title='bbox 342 1254 428 1313; x_wconf 90' lang='lat' dir='ltr'><strong>snm,</strong></span> <span class='ocrx_word' id='word_1_66' title='bbox 466 1239 501 1299; x_wconf 87' lang='lat' dir='ltr'><strong>ut</strong></span> <span class='ocrx_word' id='word_1_67' title='bbox 534 1234 767 1302; x_wconf 87' lang='lat' dir='ltr'><strong>Laudunenssm</strong></span> <span class='ocrx_word' id='word_1_68' title='bbox 804 1236 960 1300; x_wconf 89' lang='lat' dir='ltr'><strong>uetustate</strong></span> <span class='ocrx_word' id='word_1_69' title='bbox 993 1235 1147 1318; x_wconf 84' lang='lat' dir='ltr'><strong>insignem</strong></span> <span class='ocrx_word' id='word_1_70' title='bbox 1180 1253 1334 1317; x_wconf 81' lang='lat' dir='ltr'><strong>nusquam</strong></span> 
     </span>
     <span class='ocr_line' id='line_1_10' title="bbox 217 1332 1164 1428; baseline -0.002 -24"><span class='ocrx_word' id='word_1_71' title='bbox 217 1339 407 1428; x_wconf 76' lang='lat' dir='ltr'><strong>neglexerim</strong></span> <span class='ocrx_word' id='word_1_72' title='bbox 418 1339 453 1420; x_wconf 88' lang='lat'><strong>¹).</strong></span> <span class='ocrx_word' id='word_1_73' title='bbox 749 1398 751 1401; x_wconf 88' lang='lat'>.</span> <span class='ocrx_word' id='word_1_74' title='bbox 892 1338 894 1345; x_wconf 88' lang='lat'>&#39;</span> <span class='ocrx_word' id='word_1_75' title='bbox 1161 1332 1164 1336; x_wconf 44' lang='lat'><strong>⁴</strong></span> 
     </span>
    </p>

    <p class='ocr_par' dir='ltr' id='par_1_3' title="bbox 217 1432 1336 1848">
     <span class='ocr_line' id='line_1_11' title="bbox 259 1432 1333 1533; baseline -0.002 -27"><span class='ocrx_word' id='word_1_76' title='bbox 259 1441 304 1507; x_wconf 81' lang='lat' dir='ltr'><strong>lix</strong></span> <span class='ocrx_word' id='word_1_77' title='bbox 333 1440 518 1506; x_wconf 83' lang='lat' dir='ltr'><strong>editionibus</strong></span> <span class='ocrx_word' id='word_1_78' title='bbox 548 1432 769 1506; x_wconf 87' lang='lat' dir='ltr'><strong>uetustioribus</strong></span> <span class='ocrx_word' id='word_1_79' title='bbox 801 1439 1078 1533; x_wconf 81' lang='lat' dir='ltr'><strong>Loricbianam</strong></span> <span class='ocrx_word' id='word_1_80' title='bbox 1107 1443 1139 1505; x_wconf 89' lang='lat' dir='ltr'><strong>et</strong></span> <span class='ocrx_word' id='word_1_81' title='bbox 1168 1439 1333 1529; x_wconf 86' lang='lat' dir='ltr'><strong>Ruiuar·</strong></span> 
     </span>
     <span class='ocr_line' id='line_1_12' title="bbox 218 1538 1334 1629; baseline -0.003 -18"><span class='ocrx_word' id='word_1_82' title='bbox 218 1547 366 1615; x_wconf 84' lang='lat' dir='ltr'><strong>tineam</strong></span> <span class='ocrx_word' id='word_1_83' title='bbox 387 1543 514 1629; x_wconf 78' lang='lat' dir='ltr'><strong>inspexi.</strong></span> <span class='ocrx_word' id='word_1_84' title='bbox 542 1541 623 1622; x_wconf 80' lang='lat' dir='ltr'><strong>Quas</strong></span> <span class='ocrx_word' id='word_1_85' title='bbox 646 1560 716 1606; x_wconf 89' lang='lat' dir='ltr'><strong>eum</strong></span> <span class='ocrx_word' id='word_1_86' title='bbox 739 1547 810 1625; x_wconf 90' lang='lat' dir='ltr'><strong>post</strong></span> <span class='ocrx_word' id='word_1_87' title='bbox 833 1540 952 1609; x_wconf 82' lang='lat' dir='ltr'><strong>Halmii</strong></span> <span class='ocrx_word' id='word_1_88' title='bbox 974 1561 1081 1609; x_wconf 90' lang='lat' dir='ltr'><strong>curam</strong></span> <span class='ocrx_word' id='word_1_89' title='bbox 1103 1538 1249 1609; x_wconf 80' lang='lat' dir='ltr'><strong>animiam</strong></span> <span class='ocrx_word' id='word_1_90' title='bbox 1271 1543 1334 1610; x_wconf 83' lang='lat' dir='ltr'><strong>fere</strong></span> 
     </span>
     <span class='ocr_line' id='line_1_13' title="bbox 220 1642 1336 1733; baseline 0 -23"><span class='ocrx_word' id='word_1_91' title='bbox 220 1646 337 1712; x_wconf 89' lang='lat' dir='ltr'><strong>nullius</strong></span> <span class='ocrx_word' id='word_1_92' title='bbox 365 1645 459 1729; x_wconf 92' lang='lat' dir='ltr'><strong>pretii</strong></span> <span class='ocrx_word' id='word_1_93' title='bbox 483 1663 548 1713; x_wconf 88' lang='lat' dir='ltr'><strong>esse</strong></span> <span class='ocrx_word' id='word_1_94' title='bbox 571 1642 801 1725; x_wconf 83' lang='lat' dir='ltr'><strong>intellexissem,</strong></span> <span class='ocrx_word' id='word_1_95' title='bbox 836 1645 959 1730; x_wconf 92' lang='lat' dir='ltr'><strong>penitus</strong></span> <span class='ocrx_word' id='word_1_96' title='bbox 993 1644 1103 1722; x_wconf 85' lang='lat' dir='ltr'><strong>abieci,</strong></span> <span class='ocrx_word' id='word_1_97' title='bbox 1130 1644 1262 1728; x_wconf 88' lang='lat' dir='ltr'><strong>reliquas</strong></span> <span class='ocrx_word' id='word_1_98' title='bbox 1285 1664 1336 1733; x_wconf 90' lang='lat' dir='ltr'><strong>oo·</strong></span> 
     </span>
     <span class='ocr_line' id='line_1_14' title="bbox 217 1746 1334 1848; baseline -0.002 -32"><span class='ocrx_word' id='word_1_99' title='bbox 217 1767 363 1848; x_wconf 80' lang='lat' dir='ltr'><strong>gnoscere</strong></span> <span class='ocrx_word' id='word_1_100' title='bbox 384 1767 446 1813; x_wconf 94' lang='lat' dir='ltr'><strong>non</strong></span> <span class='ocrx_word' id='word_1_101' title='bbox 468 1746 584 1827; x_wconf 78' lang='lat' dir='ltr'><strong>curaui,</strong></span> <span class='ocrx_word' id='word_1_102' title='bbox 609 1747 720 1830; x_wconf 89' lang='lat' dir='ltr'><strong>quippe</strong></span> <span class='ocrx_word' id='word_1_103' title='bbox 738 1750 791 1832; x_wconf 87' lang='lat' dir='ltr'><strong>qui</strong></span> <span class='ocrx_word' id='word_1_104' title='bbox 809 1749 970 1814; x_wconf 80' lang='lat' dir='ltr'><strong>Halmium</strong></span> <span class='ocrx_word' id='word_1_105' title='bbox 986 1746 1173 1814; x_wconf 88' lang='lat' dir='ltr'><strong>lectionibus</strong></span> <span class='ocrx_word' id='word_1_106' title='bbox 1189 1747 1334 1814; x_wconf 87' lang='lat' dir='ltr'><strong>editionis</strong></span> 
     </span>
    </p>
   </div>
   <div class='ocr_carea' id='block_1_3' title="bbox 217 1935 1337 4244">
    <p class='ocr_par' dir='ltr' id='par_1_4' title="bbox 217 1935 1337 4244">
     <span class='ocr_line' id='line_1_15' title="bbox 217 1935 1335 2009; baseline -0.002 -15"><span class='ocrx_word' id='word_1_107' title='bbox 217 1936 308 2009; x_wconf 87' lang='lat' dir='ltr'><strong>Igitur</strong></span> <span class='ocrx_word' id='word_1_108' title='bbox 334 1939 404 2007; x_wconf 89' lang='lat' dir='ltr'><strong>qnod</strong></span> <span class='ocrx_word' id='word_1_109' title='bbox 426 1939 541 2008; x_wconf 86' lang='lat' dir='ltr'><strong>legimus</strong></span> <span class='ocrx_word' id='word_1_110' title='bbox 559 1940 589 1995; x_wconf 92' lang='lat' dir='ltr'><strong>in</strong></span> <span class='ocrx_word' id='word_1_111' title='bbox 606 1939 669 1994; x_wconf 92' lang='lat' dir='ltr'><strong>libri</strong></span> <span class='ocrx_word' id='word_1_112' title='bbox 687 1939 761 1993; x_wconf 88' lang='lat' dir='ltr'><strong>illius</strong></span> <span class='ocrx_word' id='word_1_113' title='bbox 779 1935 972 2005; x_wconf 87' lang='lat' dir='ltr'><strong>subscriptione</strong></span> <span class='ocrx_word' id='word_1_114' title='bbox 992 1936 1040 2004; x_wconf 89' lang='lat' dir='ltr'><strong>(II,</strong></span> <span class='ocrx_word' id='word_1_115' title='bbox 1061 1937 1120 2003; x_wconf 89' lang='grc'>101)</span> <span class='ocrx_word' id='word_1_116' title='bbox 1148 1937 1262 1992; x_wconf 82' lang='lat' dir='ltr'><strong>‘directa</strong></span> <span class='ocrx_word' id='word_1_117' title='bbox 1279 1935 1335 1992; x_wconf 85' lang='lat' dir='ltr'><strong>XII</strong></span> 
     </span>
     <span class='ocr_line' id='line_1_16' title="bbox 218 2020 1335 2095; baseline -0.002 -15"><span class='ocrx_word' id='word_1_118' title='bbox 218 2025 284 2081; x_wconf 77' lang='lat' dir='ltr'><strong>Kar:</strong></span> <span class='ocrx_word' id='word_1_119' title='bbox 302 2024 463 2091; x_wconf 79' lang='lat' dir='ltr'><strong>Mainrnm‘,</strong></span> <span class='ocrx_word' id='word_1_120' title='bbox 490 2024 700 2095; x_wconf 87' lang='lat' dir='ltr'><strong>intellegendum</strong></span> <span class='ocrx_word' id='word_1_121' title='bbox 717 2024 770 2079; x_wconf 88' lang='lat' dir='ltr'><strong>erit</strong></span> <span class='ocrx_word' id='word_1_122' title='bbox 792 2020 912 2080; x_wconf 77' lang='lat' dir='ltr'><strong>‘directa</strong></span> <span class='ocrx_word' id='word_1_123' title='bbox 929 2024 969 2078; x_wconf 83' lang='lat' dir='ltr'><strong>act·</strong></span> <span class='ocrx_word' id='word_1_124' title='bbox 983 2024 1088 2095; x_wconf 84' lang='lat' dir='ltr'><strong>repcm’.</strong></span> <span class='ocrx_word' id='word_1_125' title='bbox 1118 2022 1271 2077; x_wconf 84' lang='lat' dir='ltr'><strong>Sententiae</strong></span> <span class='ocrx_word' id='word_1_126' title='bbox 1289 2039 1335 2078; x_wconf 93' lang='lat' dir='ltr'><strong>no·</strong></span> 
     </span>
     <span class='ocr_line' id='line_1_17' title="bbox 218 2106 1335 2178; baseline -0.001 -15"><span class='ocrx_word' id='word_1_127' title='bbox 218 2112 289 2164; x_wconf 85' lang='lat' dir='ltr'><strong>strae</strong></span> <span class='ocrx_word' id='word_1_128' title='bbox 315 2111 412 2164; x_wconf 85' lang='lat' dir='ltr'><strong>mirum</strong></span> <span class='ocrx_word' id='word_1_129' title='bbox 438 2111 466 2163; x_wconf 94' lang='lat' dir='ltr'><strong>in</strong></span> <span class='ocrx_word' id='word_1_130' title='bbox 493 2110 601 2164; x_wconf 91' lang='lat' dir='ltr'><strong>modum</strong></span> <span class='ocrx_word' id='word_1_131' title='bbox 628 2109 702 2164; x_wconf 83' lang='lat' dir='ltr'><strong>fauet</strong></span> <span class='ocrx_word' id='word_1_132' title='bbox 727 2106 881 2164; x_wconf 82' lang='lat' dir='ltr'><strong>Gennadius</strong></span> <span class='ocrx_word' id='word_1_133' title='bbox 909 2109 938 2162; x_wconf 89' lang='lat' dir='ltr'><strong>in</strong></span> <span class='ocrx_word' id='word_1_134' title='bbox 962 2108 1047 2164; x_wconf 83' lang='lat' dir='ltr'><strong>Cetei.</strong></span> <span class='ocrx_word' id='word_1_135' title='bbox 1073 2126 1095 2163; x_wconf 92' lang='lat' dir='ltr'><strong>c.</strong></span> <span class='ocrx_word' id='word_1_136' title='bbox 1115 2109 1161 2162; x_wconf 80' lang='lat'><strong>97:</strong></span> <span class='ocrx_word' id='word_1_137' title='bbox 1189 2109 1335 2178; x_wconf 86' lang='lat' dir='ltr'><strong>Enpcnins</strong></span> 
     </span>
     <span class='ocr_line' id='line_1_18' title="bbox 224 2194 1333 2267; baseline -0.003 -15"><span class='ocrx_word' id='word_1_138' title='bbox 224 2197 458 2267; x_wconf 78' lang='lat' dir='ltr'><strong>Gertlecpinicneis</strong></span> <span class='ocrx_word' id='word_1_139' title='bbox 474 2197 598 2263; x_wconf 37' lang='lat' dir='ltr'><strong>Africae,</strong></span> <span class='ocrx_word' id='word_1_140' title='bbox 616 2196 739 2252; x_wconf 68' lang='lat' dir='ltr'><strong>enitatis</strong></span> <span class='ocrx_word' id='word_1_141' title='bbox 764 2197 907 2264; x_wconf 80' lang='lat' dir='ltr'><strong>episcopas</strong></span> <span class='ocrx_word' id='word_1_142' title='bbox 924 2201 951 2250; x_wconf 88' lang='lat' dir='ltr'><strong>ct</strong></span> <span class='ocrx_word' id='word_1_143' title='bbox 967 2196 1102 2262; x_wconf 80' lang='lat' dir='ltr'><strong>confessor</strong></span> <span class='ocrx_word' id='word_1_144' title='bbox 1124 2194 1333 2264; x_wconf 80' lang='lat' dir='ltr'><strong>prctiicns,od·</strong></span> 
     </span>
     <span class='ocr_line' id='line_1_19' title="bbox 220 2280 1335 2351; baseline -0.001 -16"><span class='ocrx_word' id='word_1_145' title='bbox 220 2283 340 2336; x_wconf 87' lang='lat' dir='ltr'><strong>monitns</strong></span> <span class='ocrx_word' id='word_1_146' title='bbox 357 2282 391 2336; x_wconf 90' lang='lat' dir='ltr'><strong>ab</strong></span> <span class='ocrx_word' id='word_1_147' title='bbox 408 2282 563 2350; x_wconf 85' lang='lat' dir='ltr'><strong>Hanerico,</strong></span> <span class='ocrx_word' id='word_1_148' title='bbox 587 2281 777 2336; x_wconf 70' lang='lat' dir='ltr'><strong>Uenestorum</strong></span> <span class='ocrx_word' id='word_1_149' title='bbox 793 2296 876 2351; x_wconf 81' lang='lat' dir='ltr'><strong>repe„</strong></span> <span class='ocrx_word' id='word_1_150' title='bbox 896 2281 1042 2335; x_wconf 76' lang='lat' dir='ltr'><strong>catholicae</strong></span> <span class='ocrx_word' id='word_1_151' title='bbox 1058 2280 1125 2346; x_wconf 72' lang='lat' dir='ltr'><strong>tici</strong></span> <span class='ocrx_word' id='word_1_152' title='bbox 1142 2280 1335 2349; x_wconf 82' lang='lat' dir='ltr'><strong>conpositionem</strong></span> 
     </span>
     <span class='ocr_line' id='line_1_20' title="bbox 218 2361 1335 2436; baseline -0.001 -16"><span class='ocrx_word' id='word_1_153' title='bbox 218 2375 249 2421; x_wconf 84' lang='lat' dir='ltr'><strong>et</strong></span> <span class='ocrx_word' id='word_1_154' title='bbox 264 2369 406 2422; x_wconf 85' lang='lat' dir='ltr'><strong>manime</strong></span> <span class='ocrx_word' id='word_1_155' title='bbox 423 2367 521 2422; x_wconf 88' lang='lat' dir='ltr'><strong>ncrbi</strong></span> <span class='ocrx_word' id='word_1_156' title='bbox 544 2361 729 2422; x_wconf 83' lang='lat' dir='ltr'><strong>‘bomonsii’</strong></span> <span class='ocrx_word' id='word_1_157' title='bbox 745 2361 1000 2436; x_wconf 74' lang='lat' dir='ltr'><strong>proprietatem</strong></span> <span class='ocrx_word' id='word_1_158' title='bbox 1019 2366 1190 2420; x_wconf 78' lang='lat' dir='ltr'><strong>disserere</strong></span> <span class='ocrx_word' id='word_1_159' title='bbox 1209 2366 1247 2432; x_wconf 88' lang='lat' dir='ltr'><strong>(id</strong></span> <span class='ocrx_word' id='word_1_160' title='bbox 1265 2365 1335 2435; x_wconf 88' lang='lat' dir='ltr'><strong>quod</strong></span> 
     </span>
     <span class='ocr_line' id='line_1_21' title="bbox 217 2448 1335 2520; baseline -0.002 -13"><span class='ocrx_word' id='word_1_161' title='bbox 217 2453 247 2507; x_wconf 90' lang='lat' dir='ltr'><strong>in</strong></span> <span class='ocrx_word' id='word_1_162' title='bbox 272 2448 383 2508; x_wconf 82' lang='lat' dir='ltr'><strong>Librum</strong></span> <span class='ocrx_word' id='word_1_163' title='bbox 409 2452 471 2506; x_wconf 87' lang='lat' dir='ltr'><strong>fidei</strong></span> <span class='ocrx_word' id='word_1_164' title='bbox 498 2454 575 2520; x_wconf 90' lang='lat' dir='ltr'><strong>plane</strong></span> <span class='ocrx_word' id='word_1_165' title='bbox 601 2452 698 2518; x_wconf 88' lang='lat' dir='ltr'><strong>eadit),</strong></span> <span class='ocrx_word' id='word_1_166' title='bbox 724 2468 796 2507; x_wconf 89' lang='lat' dir='ltr'><strong>cnm</strong></span> <span class='ocrx_word' id='word_1_167' title='bbox 822 2467 991 2505; x_wconf 82' lang='lat' dir='ltr'><strong>consensa</strong></span> <span class='ocrx_word' id='word_1_168' title='bbox 1017 2452 1161 2505; x_wconf 89' lang='lat' dir='ltr'><strong>omninm</strong></span> <span class='ocrx_word' id='word_1_169' title='bbox 1189 2452 1335 2519; x_wconf 85' lang='lat' dir='ltr'><strong>Africae</strong></span> 
     </span>
     <span class='ocr_line' id='line_1_22' title="bbox 217 2530 1335 2606; baseline -0.003 -12"><span class='ocrx_word' id='word_1_170' title='bbox 217 2539 459 2597; x_wconf 67' lang='lat' dir='ltr'><strong>Mauritaniae</strong></span> <span class='ocrx_word' id='word_1_171' title='bbox 481 2544 511 2593; x_wconf 87' lang='lat' dir='ltr'><strong>et</strong></span> <span class='ocrx_word' id='word_1_172' title='bbox 530 2538 720 2593; x_wconf 77' lang='lat' dir='ltr'><strong>Sardiniae</strong></span> <span class='ocrx_word' id='word_1_173' title='bbox 741 2530 844 2606; x_wconf 71' lang='lat' dir='ltr'><strong>otpn&#39;c</strong></span> <span class='ocrx_word' id='word_1_174' title='bbox 866 2537 1026 2592; x_wconf 77' lang='lat' dir='ltr'><strong>Corsicae</strong></span> <span class='ocrx_word' id='word_1_175' title='bbox 1050 2539 1288 2606; x_wconf 82' lang='lat' dir='ltr'><strong>episcoporum</strong></span> <span class='ocrx_word' id='word_1_176' title='bbox 1305 2543 1335 2591; x_wconf 91' lang='lat' dir='ltr'><strong>et</strong></span> 
     </span>
     <span class='ocr_line' id='line_1_23' title="bbox 217 2623 1334 2694; baseline -0.001 -14"><span class='ocrx_word' id='word_1_177' title='bbox 217 2626 450 2694; x_wconf 76' lang='lat' dir='ltr'><strong>confessorum</strong></span> <span class='ocrx_word' id='word_1_178' title='bbox 476 2625 519 2691; x_wconf 82' lang='lat' dir='ltr'><strong>(oi.</strong></span> <span class='ocrx_word' id='word_1_179' title='bbox 539 2624 611 2680; x_wconf 89' lang='lat' dir='ltr'><strong>Uict.</strong></span> <span class='ocrx_word' id='word_1_180' title='bbox 630 2625 667 2690; x_wconf 90' lang='grc' dir='ltr'><strong>Η,</strong></span> <span class='ocrx_word' id='word_1_181' title='bbox 686 2625 719 2679; x_wconf 86' lang='grc'><strong>55</strong></span> <span class='ocrx_word' id='word_1_182' title='bbox 741 2624 856 2678; x_wconf 85' lang='lat' dir='ltr'><strong>nostri</strong></span> <span class='ocrx_word' id='word_1_183' title='bbox 873 2663 878 2676; x_wconf 95' lang='lat'>.</span> <span class='ocrx_word' id='word_1_184' title='bbox 898 2662 905 2676; x_wconf 90' lang='lat'><strong>.</strong></span> <span class='ocrx_word' id='word_1_185' title='bbox 925 2663 931 2674; x_wconf 89' lang='lat'>.</span> <span class='ocrx_word' id='word_1_186' title='bbox 950 2623 1072 2678; x_wconf 82' lang='lat' dir='ltr'><strong>libellam</strong></span> <span class='ocrx_word' id='word_1_187' title='bbox 1096 2625 1334 2691; x_wconf 65' lang='lat' dir='ltr'><strong>comministrasti),</strong></span> 
     </span>
     <span class='ocr_line' id='line_1_24' title="bbox 217 2699 1335 2783; baseline -0.005 -14"><span class='ocrx_word' id='word_1_188' title='bbox 217 2713 266 2783; x_wconf 75' lang='lat' dir='ltr'><strong>qm</strong></span> <span class='ocrx_word' id='word_1_189' title='bbox 276 2699 451 2770; x_wconf 65' lang='lat' dir='ltr'><strong>incatholicis</strong></span> <span class='ocrx_word' id='word_1_190' title='bbox 462 2717 671 2780; x_wconf 76' lang='lat' dir='ltr'><strong>pnmonsernnt</strong></span> <span class='ocrx_word' id='word_1_191' title='bbox 683 2711 746 2778; x_wconf 71' lang='lat' dir='ltr'><strong>trie,</strong></span> <span class='ocrx_word' id='word_1_192' title='bbox 763 2711 915 2780; x_wconf 81' lang='lat' dir='ltr'><strong>compescit</strong></span> <span class='ocrx_word' id='word_1_193' title='bbox 932 2711 1058 2764; x_wconf 83' lang='lat' dir='ltr'><strong>libram</strong></span> <span class='ocrx_word' id='word_1_194' title='bbox 1074 2709 1166 2775; x_wconf 73' lang='lat' dir='ltr'><strong>fidei</strong></span> <span class='ocrx_word' id='word_1_195' title='bbox 1183 2726 1239 2764; x_wconf 90' lang='lat' dir='ltr'><strong>non</strong></span> <span class='ocrx_word' id='word_1_196' title='bbox 1249 2710 1335 2763; x_wconf 86' lang='lat' dir='ltr'><strong>solnm</strong></span> 
     </span>
     <span class='ocr_line' id='line_1_25' title="bbox 217 2795 1335 2867; baseline -0.005 -14"><span class='ocrx_word' id='word_1_197' title='bbox 217 2804 419 2854; x_wconf 88' lang='lat' dir='ltr'><strong>sanctornm</strong></span> <span class='ocrx_word' id='word_1_198' title='bbox 435 2800 692 2867; x_wconf 77' lang='lat' dir='ltr'><strong>scripturaram</strong></span> <span class='ocrx_word' id='word_1_199' title='bbox 709 2798 912 2864; x_wconf 75' lang='lat' dir='ltr'><strong>sententiis,</strong></span> <span class='ocrx_word' id='word_1_200' title='bbox 937 2796 984 2851; x_wconf 87' lang='lat' dir='ltr'><strong>sed</strong></span> <span class='ocrx_word' id='word_1_201' title='bbox 1002 2803 1028 2852; x_wconf 91' lang='lat' dir='ltr'><strong>et</strong></span> <span class='ocrx_word' id='word_1_202' title='bbox 1041 2802 1157 2864; x_wconf 86' lang='lat' dir='ltr'><strong>patrnm</strong></span> <span class='ocrx_word' id='word_1_203' title='bbox 1175 2795 1335 2850; x_wconf 86' lang='lat' dir='ltr'><strong>testimoniis</strong></span> 
     </span>
     <span class='ocr_line' id='line_1_26' title="bbox 219 2881 1336 2954; baseline -0.004 -15"><span class='ocrx_word' id='word_1_204' title='bbox 219 2886 356 2940; x_wconf 85' lang='lat' dir='ltr'><strong>mrmitnm</strong></span> <span class='ocrx_word' id='word_1_205' title='bbox 374 2886 413 2954; x_wconf 90' lang='lat' dir='ltr'><strong>(in</strong></span> <span class='ocrx_word' id='word_1_206' title='bbox 429 2885 479 2939; x_wconf 89' lang='lat' dir='ltr'><strong>boc</strong></span> <span class='ocrx_word' id='word_1_207' title='bbox 498 2885 651 2940; x_wconf 84' lang='lat' dir='ltr'><strong>Gennadius</strong></span> <span class='ocrx_word' id='word_1_208' title='bbox 670 2885 788 2950; x_wconf 85' lang='lat' dir='ltr'><strong>errauit),</strong></span> <span class='ocrx_word' id='word_1_209' title='bbox 808 2889 838 2938; x_wconf 90' lang='lat' dir='ltr'><strong>ct</strong></span> <span class='ocrx_word' id='word_1_210' title='bbox 852 2899 915 2951; x_wconf 90' lang='lat' dir='ltr'><strong>per</strong></span> <span class='ocrx_word' id='word_1_211' title='bbox 933 2883 1082 2952; x_wconf 84' lang='lat' dir='ltr'><strong>coticpos</strong></span> <span class='ocrx_word' id='word_1_212' title='bbox 1099 2881 1336 2946; x_wconf 84' lang='lat' dir='ltr'><strong>confessionis</strong></span> 
     </span>
     <span class='ocr_line' id='line_1_27' title="bbox 219 2966 1336 3039; baseline -0.004 -15"><span class='ocrx_word' id='word_1_213' title='bbox 219 2968 300 3024; x_wconf 78' lang='lat' dir='ltr'><strong>snos</strong></span> <span class='ocrx_word' id='word_1_214' title='bbox 326 2971 460 3025; x_wconf 84' lang='lat' dir='ltr'><strong>diremit</strong></span> <span class='ocrx_word' id='word_1_215' title='bbox 487 2971 555 3037; x_wconf 89' lang='lat' dir='ltr'><strong>(scil.</strong></span> <span class='ocrx_word' id='word_1_216' title='bbox 573 2987 620 3039; x_wconf 90' lang='lat' dir='ltr'><strong>per</strong></span> <span class='ocrx_word' id='word_1_217' title='bbox 638 2971 766 3038; x_wconf 88' lang='lat' dir='ltr'><strong>quattuor</strong></span> <span class='ocrx_word' id='word_1_218' title='bbox 784 2969 859 3033; x_wconf 87' lang='lat' dir='ltr'><strong>illos,</strong></span> <span class='ocrx_word' id='word_1_219' title='bbox 884 2969 930 3036; x_wconf 90' lang='lat' dir='ltr'><strong>qui</strong></span> <span class='ocrx_word' id='word_1_220' title='bbox 948 2967 1019 3035; x_wconf 86' lang='lat' dir='ltr'><strong>apud</strong></span> <span class='ocrx_word' id='word_1_221' title='bbox 1037 2967 1108 3021; x_wconf 91' lang='lat' dir='ltr'><strong>Uict.</strong></span> <span class='ocrx_word' id='word_1_222' title='bbox 1126 2967 1164 3034; x_wconf 92' lang='lat' dir='ltr'><strong>II,</strong></span> <span class='ocrx_word' id='word_1_223' title='bbox 1183 2967 1231 3021; x_wconf 88' lang='lat'><strong>101</strong></span> <span class='ocrx_word' id='word_1_224' title='bbox 1250 2966 1336 3021; x_wconf 89' lang='lat' dir='ltr'><strong>nomi·</strong></span> 
     </span>
     <span class='ocr_line' id='line_1_28' title="bbox 219 3052 1335 3125; baseline -0.002 -15"><span class='ocrx_word' id='word_1_225' title='bbox 219 3056 338 3124; x_wconf 79' lang='lat' dir='ltr'><strong>nentur).</strong></span> <span class='ocrx_word' id='word_1_226' title='bbox 350 3058 488 3125; x_wconf 77' lang='lat' dir='ltr'><strong>-Ipsum</strong></span> <span class='ocrx_word' id='word_1_227' title='bbox 506 3060 596 3110; x_wconf 84' lang='lat' dir='ltr'><strong>antem</strong></span> <span class='ocrx_word' id='word_1_228' title='bbox 615 3056 749 3110; x_wconf 88' lang='lat' dir='ltr'><strong>Uictorem</strong></span> <span class='ocrx_word' id='word_1_229' title='bbox 761 3055 873 3108; x_wconf 90' lang='lat' dir='ltr'><strong>Librum</strong></span> <span class='ocrx_word' id='word_1_230' title='bbox 891 3053 954 3108; x_wconf 89' lang='lat' dir='ltr'><strong>fidei</strong></span> <span class='ocrx_word' id='word_1_231' title='bbox 972 3053 1112 3107; x_wconf 85' lang='lat' dir='ltr'><strong>inseruisse</strong></span> <span class='ocrx_word' id='word_1_232' title='bbox 1129 3052 1335 3108; x_wconf 79' lang='lat' dir='ltr'><strong>historicorum</strong></span> 
     </span>
     <span class='ocr_line' id='line_1_29' title="bbox 218 3139 1334 3213; baseline -0.002 -18"><span class='ocrx_word' id='word_1_233' title='bbox 218 3156 264 3211; x_wconf 85' lang='lat' dir='ltr'><strong>per</strong></span> <span class='ocrx_word' id='word_1_234' title='bbox 281 3158 309 3195; x_wconf 91' lang='lat' dir='ltr'><strong>se</strong></span> <span class='ocrx_word' id='word_1_235' title='bbox 327 3142 460 3210; x_wconf 88' lang='lat' dir='ltr'><strong>probabile</strong></span> <span class='ocrx_word' id='word_1_236' title='bbox 478 3143 520 3194; x_wconf 90' lang='lat' dir='ltr'><strong>cst</strong></span> <span class='ocrx_word' id='word_1_237' title='bbox 536 3171 569 3182; x_wconf 91' lang='lat'>-</span> <span class='ocrx_word' id='word_1_238' title='bbox 587 3141 652 3209; x_wconf 89' lang='lat' dir='ltr'><strong>quid</strong></span> <span class='ocrx_word' id='word_1_239' title='bbox 679 3142 749 3195; x_wconf 92' lang='lat' dir='ltr'><strong>enim</strong></span> <span class='ocrx_word' id='word_1_240' title='bbox 774 3140 882 3194; x_wconf 86' lang='lat' dir='ltr'><strong>maioris</strong></span> <span class='ocrx_word' id='word_1_241' title='bbox 910 3140 1038 3193; x_wconf 90' lang='lat' dir='ltr'><strong>momenti</strong></span> <span class='ocrx_word' id='word_1_242' title='bbox 1053 3139 1334 3213; x_wconf 86' lang='lat' dir='ltr'><strong>episcopocatboliao</strong></span> 
     </span>
     <span class='ocr_line' id='line_1_30' title="bbox 218 3224 1335 3296; baseline -0.004 -13"><span class='ocrx_word' id='word_1_243' title='bbox 218 3242 298 3296; x_wconf 86' lang='lat' dir='ltr'><strong>quum</strong></span> <span class='ocrx_word' id='word_1_244' title='bbox 315 3227 430 3283; x_wconf 88' lang='lat' dir='ltr'><strong>defensio</strong></span> <span class='ocrx_word' id='word_1_245' title='bbox 448 3227 510 3282; x_wconf 89' lang='lat' dir='ltr'><strong>fidei</strong></span> <span class='ocrx_word' id='word_1_246' title='bbox 528 3231 555 3282; x_wconf 86' lang='lat' dir='ltr'><strong>et</strong></span> <span class='ocrx_word' id='word_1_247' title='bbox 573 3227 698 3280; x_wconf 83' lang='lat' dir='ltr'><strong>refutatio</strong></span> <span class='ocrx_word' id='word_1_248' title='bbox 717 3225 928 3280; x_wconf 76' lang='lat' dir='ltr'><strong>haereticorum?</strong></span> <span class='ocrx_word' id='word_1_249' title='bbox 941 3228 1046 3279; x_wconf 89' lang='lat' dir='ltr'><strong>-tum</strong></span> <span class='ocrx_word' id='word_1_250' title='bbox 1064 3241 1094 3279; x_wconf 83' lang='lat' dir='ltr'><strong>ex</strong></span> <span class='ocrx_word' id='word_1_251' title='bbox 1111 3227 1227 3279; x_wconf 87' lang='lat' dir='ltr'><strong>auctoris</strong></span> <span class='ocrx_word' id='word_1_252' title='bbox 1245 3224 1335 3279; x_wconf 89' lang='lat' dir='ltr'><strong>uerbis</strong></span> 
     </span>
     <span class='ocr_line' id='line_1_31' title="bbox 221 3303 1336 3383; baseline -0.003 -16"><span class='ocrx_word' id='word_1_253' title='bbox 221 3314 399 3383; x_wconf 75' lang='lat' dir='ltr'><strong>consequitur.</strong></span> <span class='ocrx_word' id='word_1_254' title='bbox 429 3314 495 3367; x_wconf 80' lang='lat' dir='ltr'><strong>Curru</strong></span> <span class='ocrx_word' id='word_1_255' title='bbox 514 3314 584 3368; x_wconf 93' lang='lat' dir='ltr'><strong>enim</strong></span> <span class='ocrx_word' id='word_1_256' title='bbox 601 3314 630 3367; x_wconf 94' lang='lat' dir='ltr'><strong>in</strong></span> <span class='ocrx_word' id='word_1_257' title='bbox 647 3314 701 3367; x_wconf 90' lang='lat' dir='ltr'><strong>fine</strong></span> <span class='ocrx_word' id='word_1_258' title='bbox 717 3303 782 3367; x_wconf 88' lang='lat' dir='ltr'><strong>libri</strong></span> <span class='ocrx_word' id='word_1_259' title='bbox 798 3313 906 3366; x_wconf 89' lang='lat' dir='ltr'><strong>secundi</strong></span> <span class='ocrx_word' id='word_1_260' title='bbox 925 3312 1036 3365; x_wconf 81' lang='lat' dir='ltr'><strong>dixisset</strong></span> <span class='ocrx_word' id='word_1_261' title='bbox 1052 3312 1163 3364; x_wconf 80' lang='lat' dir='ltr'><strong>‘nostri</strong></span> <span class='ocrx_word' id='word_1_262' title='bbox 1179 3349 1186 3363; x_wconf 91' lang='lat'><strong>.</strong></span> <span class='ocrx_word' id='word_1_263' title='bbox 1202 3310 1336 3365; x_wconf 73' lang='lat' dir='ltr'><strong>tibelinm</strong></span> 
     </span>
     <span class='ocr_line' id='line_1_32' title="bbox 221 3396 1337 3469; baseline -0.004 -16"><span class='ocrx_word' id='word_1_264' title='bbox 221 3401 436 3469; x_wconf 86' lang='lat' dir='ltr'><strong>conscripserant</strong></span> <span class='ocrx_word' id='word_1_265' title='bbox 453 3401 588 3455; x_wconf 83' lang='lat' dir='ltr'><strong>dicentes:</strong></span> <span class='ocrx_word' id='word_1_266' title='bbox 613 3401 638 3454; x_wconf 86' lang='lat' dir='ltr'><strong>si</strong></span> <span class='ocrx_word' id='word_1_267' title='bbox 654 3405 774 3453; x_wconf 75' lang='lat' dir='ltr'><strong>maram</strong></span> <span class='ocrx_word' id='word_1_268' title='bbox 791 3399 873 3466; x_wconf 73' lang='lat' dir='ltr'><strong>{idem</strong></span> <span class='ocrx_word' id='word_1_269' title='bbox 891 3413 1047 3467; x_wconf 86' lang='lat' dir='ltr'><strong>copnoscere</strong></span> <span class='ocrx_word' id='word_1_270' title='bbox 1065 3396 1237 3462; x_wconf 81' lang='lat' dir='ltr'><strong>desideratis,</strong></span> <span class='ocrx_word' id='word_1_271' title='bbox 1255 3397 1337 3450; x_wconf 84' lang='lat' dir='ltr'><strong>baec</strong></span> 
     </span>
     <span class='ocr_line' id='line_1_33' title="bbox 220 3481 1336 3555; baseline -0.005 -15"><span class='ocrx_word' id='word_1_272' title='bbox 220 3492 269 3540; x_wconf 89' lang='lat' dir='ltr'><strong>est</strong></span> <span class='ocrx_word' id='word_1_273' title='bbox 285 3487 420 3541; x_wconf 84' lang='lat' dir='ltr'><strong>ueritas</strong></span> <span class='ocrx_word' id='word_1_274' title='bbox 437 3504 519 3555; x_wconf 83' lang='lat' dir='ltr'><strong>pacm</strong></span> <span class='ocrx_word' id='word_1_275' title='bbox 536 3488 673 3551; x_wconf 86' lang='lat' dir='ltr'><strong>tenemns’,</strong></span> <span class='ocrx_word' id='word_1_276' title='bbox 697 3485 810 3539; x_wconf 82' lang='lat' dir='ltr'><strong>tertium</strong></span> <span class='ocrx_word' id='word_1_277' title='bbox 830 3484 866 3537; x_wconf 90' lang='lat' dir='ltr'><strong>sic</strong></span> <span class='ocrx_word' id='word_1_278' title='bbox 886 3483 996 3551; x_wconf 87' lang='lat' dir='ltr'><strong>incipit:</strong></span> <span class='ocrx_word' id='word_1_279' title='bbox 1023 3482 1100 3552; x_wconf 72' lang='lat' dir='ltr'><strong>‘Qni</strong></span> <span class='ocrx_word' id='word_1_280' title='bbox 1118 3498 1178 3537; x_wconf 90' lang='lat' dir='ltr'><strong>cnm</strong></span> <span class='ocrx_word' id='word_1_281' title='bbox 1194 3487 1287 3536; x_wconf 79' lang='lat' dir='ltr'><strong>noster</strong></span> <span class='ocrx_word' id='word_1_282' title='bbox 1303 3481 1336 3534; x_wconf 88' lang='lat' dir='ltr'><strong>ti-</strong></span> 
     </span>
     <span class='ocr_line' id='line_1_34' title="bbox 220 3566 1336 3642; baseline -0.005 -16"><span class='ocrx_word' id='word_1_283' title='bbox 220 3570 305 3627; x_wconf 77' lang='lat' dir='ltr'><strong>tctles</strong></span> <span class='ocrx_word' id='word_1_284' title='bbox 331 3572 464 3642; x_wconf 81' lang='lat' dir='ltr'><strong>teporatur</strong></span> <span class='ocrx_word' id='word_1_285' title='bbox 490 3572 616 3635; x_wconf 82' lang='lat' dir='ltr'><strong>obletus&#39;,</strong></span> <span class='ocrx_word' id='word_1_286' title='bbox 644 3587 710 3639; x_wconf 88' lang='lat' dir='ltr'><strong>quae</strong></span> <span class='ocrx_word' id='word_1_287' title='bbox 736 3570 830 3636; x_wconf 87' lang='lat' dir='ltr'><strong>uerba,</strong></span> <span class='ocrx_word' id='word_1_288' title='bbox 858 3566 881 3622; x_wconf 92' lang='lat' dir='ltr'><strong>si</strong></span> <span class='ocrx_word' id='word_1_289' title='bbox 909 3583 1055 3623; x_wconf 78' lang='lat' dir='ltr'><strong>samonem</strong></span> <span class='ocrx_word' id='word_1_290' title='bbox 1074 3567 1180 3623; x_wconf 87' lang='lat' dir='ltr'><strong>Uiotori</strong></span> <span class='ocrx_word' id='word_1_291' title='bbox 1204 3567 1336 3621; x_wconf 75' lang='lat' dir='ltr'><strong>udtamm</strong></span> 
     </span>
     <span class='ocr_line' id='line_1_35' title="bbox 218 3653 1336 3727; baseline -0.005 -15"><span class='ocrx_word' id='word_1_292' title='bbox 218 3657 368 3713; x_wconf 84' lang='lat' dir='ltr'><strong>consideres</strong></span> <span class='ocrx_word' id='word_1_293' title='bbox 393 3659 438 3727; x_wconf 78' lang='lat' dir='ltr'><strong>(c.</strong></span> <span class='ocrx_word' id='word_1_294' title='bbox 466 3659 550 3712; x_wconf 88' lang='lat' dir='ltr'><strong>Indie.</strong></span> <span class='ocrx_word' id='word_1_295' title='bbox 572 3659 617 3713; x_wconf 89' lang='lat' dir='ltr'><strong>HI</strong></span> <span class='ocrx_word' id='word_1_296' title='bbox 642 3657 769 3712; x_wconf 85' lang='lat' dir='ltr'><strong>‘retotino</strong></span> <span class='ocrx_word' id='word_1_297' title='bbox 798 3656 962 3724; x_wconf 82' lang='lat' dir='ltr'><strong>adinnpitnr</strong></span> <span class='ocrx_word' id='word_1_298' title='bbox 987 3653 1217 3727; x_wconf 86' lang='lat' dir='ltr'><strong>snbstontinnm&#39;),</strong></span> <span class='ocrx_word' id='word_1_299' title='bbox 1246 3656 1336 3707; x_wconf 72' lang='lat' dir='ltr'><strong>uenas</strong></span> 
     </span>
     <span class='ocr_line' id='line_1_36' title="bbox 218 3739 1336 3817; baseline -0.003 -20"><span class='ocrx_word' id='word_1_300' title='bbox 218 3758 323 3817; x_wconf 71' lang='lat' dir='ltr'><strong>uerene</strong></span> <span class='ocrx_word' id='word_1_301' title='bbox 340 3747 392 3797; x_wconf 88' lang='lat' dir='ltr'><strong>est:</strong></span> <span class='ocrx_word' id='word_1_302' title='bbox 413 3744 463 3799; x_wconf 82' lang='lat' dir='ltr'><strong>Ais</strong></span> <span class='ocrx_word' id='word_1_303' title='bbox 480 3761 541 3798; x_wconf 83' lang='lat' dir='ltr'><strong>nmo</strong></span> <span class='ocrx_word' id='word_1_304' title='bbox 558 3745 650 3798; x_wconf 84' lang='lat' dir='ltr'><strong>diere</strong></span> <span class='ocrx_word' id='word_1_305' title='bbox 668 3759 722 3798; x_wconf 90' lang='lat' dir='ltr'><strong>oon</strong></span> <span class='ocrx_word' id='word_1_306' title='bbox 738 3758 792 3796; x_wconf 86' lang='lat' dir='ltr'><strong>nns</strong></span> <span class='ocrx_word' id='word_1_307' title='bbox 809 3742 976 3796; x_wconf 77' lang='lat' dir='ltr'><strong>iberreicbte</strong></span> <span class='ocrx_word' id='word_1_308' title='bbox 990 3739 1093 3808; x_wconf 78' lang='lat' dir='ltr'><strong>Sebrist</strong></span> <span class='ocrx_word' id='word_1_309' title='bbox 1110 3740 1216 3812; x_wconf 80' lang='lat' dir='ltr'><strong>peicsen</strong></span> <span class='ocrx_word' id='word_1_310' title='bbox 1233 3739 1336 3794; x_wconf 78' lang='lat' dir='ltr'><strong>narde.</strong></span> 
     </span>
     <span class='ocr_line' id='line_1_37' title="bbox 219 3814 1336 3898; baseline -0.004 -16"><span class='ocrx_word' id='word_1_311' title='bbox 219 3814 295 3897; x_wconf 81' lang='lat' dir='ltr'><strong>Quod</strong></span> <span class='ocrx_word' id='word_1_312' title='bbox 321 3830 345 3883; x_wconf 90' lang='lat' dir='ltr'><strong>si</strong></span> <span class='ocrx_word' id='word_1_313' title='bbox 370 3831 430 3898; x_wconf 88' lang='lat' dir='ltr'><strong>quis</strong></span> <span class='ocrx_word' id='word_1_314' title='bbox 455 3846 515 3885; x_wconf 90' lang='lat' dir='ltr'><strong>cum</strong></span> <span class='ocrx_word' id='word_1_315' title='bbox 539 3830 647 3883; x_wconf 89' lang='lat' dir='ltr'><strong>Halmio</strong></span> <span class='ocrx_word' id='word_1_316' title='bbox 674 3828 720 3895; x_wconf 87' lang='lat' dir='ltr'><strong>(ad</strong></span> <span class='ocrx_word' id='word_1_317' title='bbox 737 3826 775 3893; x_wconf 88' lang='lat' dir='ltr'><strong>II,</strong></span> <span class='ocrx_word' id='word_1_318' title='bbox 793 3817 837 3894; x_wconf 80' lang='grc'><strong>56)</strong></span> <span class='ocrx_word' id='word_1_319' title='bbox 866 3827 1005 3881; x_wconf 83' lang='lat' dir='ltr'><strong>existimat</strong></span> <span class='ocrx_word' id='word_1_320' title='bbox 1032 3825 1168 3895; x_wconf 89' lang='lat' dir='ltr'><strong>episcopos</strong></span> <span class='ocrx_word' id='word_1_321' title='bbox 1194 3822 1336 3879; x_wconf 83' lang='lat' dir='ltr'><strong>catholicos</strong></span> 
     </span>
     <span class='ocr_line' id='line_1_38' title="bbox 219 3910 1337 3984; baseline -0.003 -17"><span class='ocrx_word' id='word_1_322' title='bbox 219 3914 308 3982; x_wconf 89' lang='lat' dir='ltr'><strong>potius</strong></span> <span class='ocrx_word' id='word_1_323' title='bbox 320 3915 517 3984; x_wconf 81' lang='lat' dir='ltr'><strong>&#39;perscriptnros</strong></span> <span class='ocrx_word' id='word_1_324' title='bbox 534 3915 617 3969; x_wconf 84' lang='lat' dir='ltr'><strong>fuisse</strong></span> <span class='ocrx_word' id='word_1_325' title='bbox 643 3915 717 3983; x_wconf 64' lang='lat' dir='ltr'><strong>‘fidei</strong></span> <span class='ocrx_word' id='word_1_326' title='bbox 740 3914 871 3983; x_wconf 76' lang='lat' dir='ltr'><strong>dopmata</strong></span> <span class='ocrx_word' id='word_1_327' title='bbox 890 3913 1017 3967; x_wconf 86' lang='lat' dir='ltr'><strong>trenibns</strong></span> <span class='ocrx_word' id='word_1_328' title='bbox 1041 3910 1180 3966; x_wconf 74' lang='lat' dir='ltr'><strong>sententies</strong></span> <span class='ocrx_word' id='word_1_329' title='bbox 1201 3910 1337 3980; x_wconf 84' lang='lat' dir='ltr'><strong>concepta‘</strong></span> 
     </span>
     <span class='ocr_line' id='line_1_39' title="bbox 219 3996 1336 4071; baseline -0.005 -17"><span class='ocrx_word' id='word_1_330' title='bbox 219 4014 303 4069; x_wconf 63' lang='lat' dir='ltr'><strong>maur</strong></span> <span class='ocrx_word' id='word_1_331' title='bbox 316 4000 471 4056; x_wconf 75' lang='lat' dir='ltr'><strong>‘dramatum</strong></span> <span class='ocrx_word' id='word_1_332' title='bbox 488 4002 670 4071; x_wconf 84' lang='lat' dir='ltr'><strong>dopmoticnm</strong></span> <span class='ocrx_word' id='word_1_333' title='bbox 686 4001 824 4069; x_wconf 83' lang='lat' dir='ltr'><strong>protinam</strong></span> <span class='ocrx_word' id='word_1_334' title='bbox 841 4000 875 4054; x_wconf 88' lang='lat' dir='ltr'><strong>de</strong></span> <span class='ocrx_word' id='word_1_335' title='bbox 887 4015 946 4054; x_wconf 88' lang='lat' dir='ltr'><strong>nno</strong></span> <span class='ocrx_word' id='word_1_336' title='bbox 963 3998 1104 4064; x_wconf 72' lang='lat' dir='ltr'><strong>trinitate,</strong></span> <span class='ocrx_word' id='word_1_337' title='bbox 1122 3996 1146 4051; x_wconf 91' lang='lat' dir='ltr'><strong>is</strong></span> <span class='ocrx_word' id='word_1_338' title='bbox 1163 3997 1238 4066; x_wconf 85' lang='lat' dir='ltr'><strong>legat</strong></span> <span class='ocrx_word' id='word_1_339' title='bbox 1254 3996 1336 4050; x_wconf 91' lang='lat' dir='ltr'><strong>uelim</strong></span> 
     </span>
     <span class='ocr_line' id='line_1_40' title="bbox 220 4083 1337 4158; baseline -0.001 -19"><span class='ocrx_word' id='word_1_340' title='bbox 220 4086 360 4156; x_wconf 79' lang='lat' dir='ltr'><strong>Fulgentii</strong></span> <span class='ocrx_word' id='word_1_341' title='bbox 386 4088 531 4158; x_wconf 85' lang='lat' dir='ltr'><strong>Ruspensis</strong></span> <span class='ocrx_word' id='word_1_342' title='bbox 556 4089 640 4143; x_wconf 89' lang='lat' dir='ltr'><strong>libros</strong></span> <span class='ocrx_word' id='word_1_343' title='bbox 665 4088 781 4143; x_wconf 78' lang='lat' dir='ltr'><strong>‘Contra</strong></span> <span class='ocrx_word' id='word_1_344' title='bbox 799 4086 928 4141; x_wconf 75' lang='lat' dir='ltr'><strong>Ariancs&#39;</strong></span> <span class='ocrx_word' id='word_1_345' title='bbox 947 4088 974 4139; x_wconf 88' lang='lat' dir='ltr'><strong>et</strong></span> <span class='ocrx_word' id='word_1_346' title='bbox 991 4084 1046 4139; x_wconf 75' lang='lat' dir='ltr'><strong>‘Aa</strong></span> <span class='ocrx_word' id='word_1_347' title='bbox 1067 4083 1278 4141; x_wconf 75' lang='lat' dir='ltr'><strong>Trastmmdnn</strong></span> <span class='ocrx_word' id='word_1_348' title='bbox 1294 4098 1337 4138; x_wconf 90' lang='lat' dir='ltr'><strong>re·</strong></span> 
     </span>
     <span class='ocr_line' id='line_1_41' title="bbox 218 4173 501 4244; baseline -0.004 -16"><span class='ocrx_word' id='word_1_349' title='bbox 218 4189 276 4244; x_wconf 84' lang='lat' dir='ltr'><strong>pem</strong></span> <span class='ocrx_word' id='word_1_350' title='bbox 297 4173 501 4231; x_wconf 78' lang='lat' dir='ltr'><strong>Uenetolornm&#39;.</strong></span> 
     </span>
    </p>
   </div>
   <div class='ocr_carea' id='block_1_4' title="bbox 321 4236 1129 4343">
    <p class='ocr_par' dir='ltr' id='par_1_5' title="bbox 321 4236 1129 4343">
     <span class='ocr_line' id='line_1_42' title="bbox 321 4236 1129 4343; baseline -0.004 -11"><span class='ocrx_word' id='word_1_351' title='bbox 321 4280 342 4342; x_wconf 71' lang='lat'><strong>¹)</strong></span> <span class='ocrx_word' id='word_1_352' title='bbox 361 4277 465 4332; x_wconf 83' lang='lat' dir='ltr'><strong>Codicis</strong></span> <span class='ocrx_word' id='word_1_353' title='bbox 483 4280 510 4330; x_wconf 87' lang='lat' dir='ltr'><strong><em>A</em></strong></span> <span class='ocrx_word' id='word_1_354' title='bbox 528 4277 653 4331; x_wconf 90' lang='lat' dir='ltr'><strong>lectiones</strong></span> <span class='ocrx_word' id='word_1_355' title='bbox 671 4293 701 4331; x_wconf 83' lang='lat' dir='ltr'><strong>ex</strong></span> <span class='ocrx_word' id='word_1_356' title='bbox 718 4275 820 4343; x_wconf 77' lang='lat' dir='ltr'><strong>Halmii</strong></span> <span class='ocrx_word' id='word_1_357' title='bbox 838 4236 954 4331; x_wconf 87' lang='lat' dir='ltr'><strong>editione</strong></span> <span class='ocrx_word' id='word_1_358' title='bbox 971 4273 1129 4343; x_wconf 79' lang='lat' dir='ltr'><strong>deprompsi.</strong></span> 
     </span>
    </p>
   </div>
   <div class='ocr_carea' id='block_1_5' title="bbox 0 0 1560 4824">
    <p class='ocr_par' dir='ltr' id='par_1_6' title="bbox 0 0 1560 4824">
     <span class='ocr_line' id='line_1_43' title="bbox 0 0 1560 4824; baseline 0 0"><span class='ocrx_word' id='word_1_359' title='bbox 0 0 1560 4824; x_wconf 95' lang='lat' dir='ltr'><strong> </strong></span> 
     </span>
    </p>
   </div>
  </div>
 </body>
</html>
