3112 4824
306 253 349 317 44
712 251 863 305 Uictoris
883 251 1039 305 Uitensis

315 439 397 515 eius,
425 439 533 505 statim
561 458 668 506 caecus
698 441 801 507 uisum
830 438 953 505 domino
986 439 1134 506 reddente
1163 441 1287 522 recepit.
1332 439 1430 520 Quem

315 560 429 620 secum,
453 562 610 626 quousque
626 543 764 609 uniuersi
781 544 1019 625 baptizarentur,
1036 541 1081 608 ibi
1096 543 1230 617 detinuit
1244 543 1282 607 ob
1301 543 1368 620 hoc,
1391 563 1429 606 ne

315 648 401 710 tanto
417 647 567 711 miraculo
582 649 713 731 populus
728 647 876 712 excitatus
892 648 994 710 uirum
1009 647 1191 721 contereret,
1206 647 1259 728 qui
1274 647 1431 728 receperat

166 806 167 811 ,
264 747 303 813 51
315 749 431 813 lumen.
468 750 519 814 nio
548 753 653 831 postes
680 749 882 816 manifestum
913 749 1059 815 ecclesiae
1081 751 1250 814 uniuersae.
1287 747 1430 815 Procedit

315 853 353 916 ad
376 849 474 915 altare
496 869 567 915 cum
589 852 742 936 Eugenio,
772 851 854 918 siout
882 851 977 915 moris
1007 854 1067 928 est,
1104 853 1157 934 qui
1184 852 1285 917 iuerat
1312 869 1429 927 caecus,
1452 870 1465 910 5

315 971 386 1017 suae
414 953 523 1017 salutis
555 955 743 1019 oblationem
774 954 899 1020 domino
928 953 1119 1029 redditurum
1149 973 1243 1036 quam
1270 952 1430 1036 episcopus

316 1056 466 1136 accipiens
498 1056 588 1121 altari
616 1059 773 1138 imposuit.
810 1056 861 1121 Fit
889 1057 1039 1138 strepitus
1068 1056 1180 1138 gaudio
1213 1058 1350 1121 metante
1378 1056 1430 1119 in·

313 1160 498 1224 reuocabilis
527 1162 718 1242 populorum.
757 1161 871 1229 Statim
902 1161 1032 1225 nuntius
1055 1161 1158 1245 pergit
1180 1163 1218 1224 ad
1241 1162 1429 1242 tyrannum3

222 1264 228 1276 '
314 1262 436 1343 rapitur
457 1263 559 1339 Felix,
592 1263 761 1344 inquiritur
782 1265 821 1329 ab
844 1282 879 1328 eo
902 1263 975 1346 quid
1008 1263 1126 1328 factum
1163 1262 1203 1326 sit
1238 1261 1430 1343 qualiterque

247 1388 248 1393 ¹
313 1362 461 1444 receperit
489 1364 602 1428 lumen.
638 1364 723 1429 Dicit
750 1366 798 1430 illi
816 1384 855 1439 ,or
878 1366 983 1431 ordine
1012 1367 1112 1430 totum
1134 1365 1303 1446 dicuntque
1324 1362 1465 1429 Arria-ro

314 1482 422 1528 norum
452 1466 599 1546 episcopi:
638 1461 705 1533 ‘hoc
727 1469 883 1551 Eugenius
911 1489 966 1551 per
988 1467 1142 1533 maleficia
1163 1467 1257 1532 fecit'.
1294 1465 1335 1529 Et
1357 1464 1431 1547 quia

316 1567 453 1649 oppressi
483 1568 657 1634 confusione
686 1572 791 1635 lumen
819 1589 880 1634 non
915 1573 1058 1652 poterant
1090 1570 1247 1650 nubilare,
1282 1585 1316 1632 eo
1350 1566 1431 1650 quod

317 1668 403 1732 Felix
426 1670 587 1735 uniuersae
610 1672 732 1736 ciuitati
755 1672 937 1745 manifestus
960 1678 1040 1737 esset
1056 1676 1087 1738 et
1102 1674 1202 1752 notus,
1225 1674 1330 1737 tamen
1345 1670 1430 1737 uole-

316 1770 392 1835 bant
420 1791 503 1848 eum,
532 1772 560 1836 si
587 1771 634 1837 fes
664 1778 760 1852 esset,
791 1793 915 1853 necare,
944 1776 1094 1856 quomodo
1117 1775 1222 1839 Iudaei
1244 1772 1430 1838 suscitatum

316 1873 467 1939 Lazarum
489 1873 664 1955 cupiebant
679 1875 828 1942 occidere.
1370 1905 1372 1908 ·
1439 1895 1464 1934 ιε

265 2017 307 2083 52
360 2010 416 2095 (ΙΙ,
436 2013 485 2094 18)
510 2012 789 2095 Adpropinquabat
816 2014 881 2078 iam
909 2014 1031 2079 futurus
1060 2015 1123 2078 dies
1149 2014 1203 2077 ille
1226 2012 1430 2077 calumniosus

235 2146 255 2179 o.
268 2139 308 2178 ree
316 2113 526 2178 Kalendarum
548 2115 784 2182 Februariarum
808 2117 845 2180 ab
861 2116 968 2180 eodem
984 2118 1130 2183 statutus.
1154 2116 1349 2181 Conueniunt
1370 2132 1430 2179 nou

315 2215 414 2280 solum
444 2218 605 2282 uniuersae
628 2217 767 2295 Africae,
798 2237 906 2282 uerum
935 2218 1031 2282 etiam
1057 2219 1230 2282 insularum
1260 2218 1431 2281 multarum

315 2318 462 2400 episcopi,
487 2319 655 2384 afflictione
680 2324 711 2384 et
735 2339 873 2384 maerore
896 2319 1035 2385 confecti.
1065 2321 1117 2384 Fit
1139 2319 1299 2384 silentium
1321 2318 1430 2383 diebus

315 2419 437 2502 multis,
466 2440 622 2504 quousque
645 2416 761 2504 peritos
790 2440 925 2504 quosque
947 2424 979 2486 et
1001 2423 1193 2486 doctissimos
1216 2421 1299 2486 uiros
1323 2420 1465 2485 exindere

316 2527 471 2605 separaret
505 2525 668 2589 calumniis
699 2525 849 2606 adpositis
873 2523 1049 2589 enecandos.
1087 2524 1168 2587 Nam
1190 2542 1286 2587 unum
1308 2541 1343 2587 er
1365 2523 1431 2605 ipso

316 2623 405 2687 choro
428 2626 597 2703 doctorum,
617 2629 740 2691 nomine
757 2627 897 2708 Laetum,
920 2626 1082 2688 strenuum
1105 2627 1197 2706 atque
1219 2625 1431 2690 doctissimum

315 2726 426 2802 uirum,
449 2731 519 2806 post
543 2728 705 2793 diuturnos
728 2729 857 2794 carceris
880 2727 1035 2809 squalores
1057 2727 1197 2792 incendio
1212 2727 1430 2803 concremarit,

316 2827 483 2892 aestimans
516 2829 574 2893 tali
602 2832 740 2912 exemplo
769 2831 914 2894 timorem
942 2828 1095 2893 incutiens
1118 2828 1250 2910 reliquos
1273 2831 1430 2895 elisurum.

264 2931 307 2998 53
316 2927 457 2993 Tandem
478 2932 602 2995 uenitur
625 2934 663 2996 ad
686 2931 901 3015 disputationis
925 2931 1113 3007 conflictum,
1136 2933 1175 2995 ad
1189 2933 1292 2995 locum
1313 2931 1465 2996 scilicetes

316 3050 409 3112 quem
423 3032 603 3115 delegerant
619 3033 796 3099 aduersarii.
820 3033 962 3098 Uitantes
977 3034 1073 3116 igitur
1089 3033 1187 3097 nostri
1203 3032 1430 3098 uociferationis

315 3135 484 3213 tumultus,
513 3154 551 3200 ns
579 3135 659 3201 forte
686 3137 885 3218 postmodum
914 3136 1040 3199 Arriani
1074 3135 1226 3212 dicerent,
1265 3134 1345 3216 quod
1379 3153 1431 3200 eos

364 3389 380 3442 2
403 3405 507 3443 caecum
533 3411 554 3457 φ
657 3389 690 3446 ob
708 3390 758 3446 hoo
775 3393 853 3447 tanto
870 3407 905 3443 m.
925 3407 950 3459 p.
969 3407 990 3444 e.
1011 3391 1180 3459 comprimere
1198 3391 1287 3444 uirum
1306 3389 1353 3458 qui
1371 3405 1392 3441 r.
1412 3387 1430 3442 l.

313 3477 485 3545 coeperuntd
588 3477 737 3546 3populos
761 3477 819 3530 BV
919 3476 1021 3529 'lateri
1043 3475 1078 3530 W
1176 3475 1295 3543 inposuit
1316 3475 1365 3529 GP

313 3562 439 3630 metante]
458 3562 601 3616 comitante
619 3563 667 3617 Me
701 3561 850 3616 iacientes
958 3561 1095 3629 9rapitns
1115 3561 1142 3614 V
1247 3560 1307 3629 quit
1330 3559 1369 3612 W

314 3646 346 3700 10
358 3647 456 3716 reperit
469 3649 507 3702 W
590 3647 636 3701 ille
650 3650 666 3718 β
754 3649 788 3702 12
796 3647 962 3717 oppressione
974 3647 1076 3700 confusi
1088 3649 1105 3716 β
1191 3648 1334 3715 potnerunt
1346 3647 1363 3715 β

313 3734 347 3786 14
368 3749 459 3788 necere
482 3734 521 3786 Ρι
624 3733 656 3787 17
681 3733 852 3788 notandorum
878 3734 914 3788 W
1018 3733 1050 3786 18
1075 3733 1192 3786 insulano
1214 3732 1253 3788 W
1353 3732 1386 3784 19
1403 3747 1431 3784 a·

312 3819 430 3872 dictione
452 3818 503 3874 VO
597 3818 685 3872 affecti
704 3836 722 3872 a
814 3819 848 3872 20
865 3819 910 3886 qui
929 3835 1010 3887 usque
1029 3820 1056 3872 P
1146 3818 1178 3871 21
1196 3818 1363 3895 necandosd

313 3901 346 3955 22
363 3903 453 3967 7Ιωὴιιιιι
475 3905 530 3958 Mb
633 3904 667 3957 23
690 3905 817 3959 diutunos
845 3904 906 3959 1⁷0¹
932 3904 1049 3958 diutinos
1074 3903 1105 3958 θ’
1208 3902 1361 3965 scaloresb

313 3988 348 4040 24
365 3989 460 4042 timore
478 3990 536 4042 BV
586 4003 592 4039 ι
628 3989 771 4044 aestimans
790 3989 858 4058 qnod
876 3989 926 4042 tali
938 4005 958 4043 e.
971 3993 992 4041 t.
1011 3990 1144 4042 excuteret
1160 3988 1283 4056 reliqniis
1301 3988 1431 4041 elesnrum

314 4073 461 4141 (reliquisse
479 4075 596 4129 lesurum
613 4076 675 4144 b)p3
769 4076 801 4129 25
820 4074 907 4128 silicet
925 4075 953 4127 P
1046 4073 1079 4126 26
1097 4074 1238 4141 nostraeqi
1336 4071 1369 4126 27
1387 4074 1431 4125 tu-

314 4159 425 4226 multus]
445 4159 563 4213 stimulis
581 4177 598 4212 a
