3112 4824
226 256 255 312 ΙΙ

226 428 341 511 partim
363 431 446 495 reete
467 429 657 508 emendauit,
688 431 803 514 partim
825 433 1003 499 coniectura
1024 453 1169 517 peruersa
1189 435 1337 504 mutauit

227 530 421 616 Quamquam
450 532 545 616 igitur
567 530 814 600 Uindobonensis
836 535 974 601 bonitate
995 536 1256 622 Bambergensem
1277 555 1338 604 non

226 628 353 719 aequat,
383 639 488 699 tamen
516 635 644 699 minime
673 637 859 718 spernendus
882 638 945 717 est,
975 656 1044 704 cum
1068 638 1176 705 horum
1198 639 1339 705 codicum

227 757 399 816 consensus,
421 738 453 802 in
476 738 584 820 primis
607 737 640 801 in
661 737 742 804 libro
765 739 897 805 seeundo
920 745 950 805 et
966 742 1068 822 tertio,
1091 761 1145 825 pro
1161 759 1221 806 uno
1237 743 1339 808 codice

227 859 320 924 eoque
342 844 416 907 satis
439 843 564 923 antiquo
586 841 797 907 aestimandus
819 842 860 907 sit
882 845 907 924 ).

197 987 219 1043 0
269 980 340 1046 God.
363 980 542 1046 monasterii
564 979 871 1051 cremifanensis
889 981 922 1051 in
937 981 1067 1053 Austris
1082 984 1244 1065 superiore,
1261 984 1340 1066 sign.

225 1105 255 1148 n.
278 1085 328 1164 36,
358 1100 437 1148 saec.
459 1083 531 1162 XII,
560 1085 742 1163 membran,
772 1083 873 1149 forma
901 1078 1069 1168 quadrata,
1098 1084 1245 1149 foliorum
1267 1084 1339 1151 252.

225 1186 383 1254 Uictorem
419 1188 573 1252 antecedit
605 1185 763 1252 Ambrosii
803 1187 1036 1268 Heraemeron,
1075 1187 1213 1270 sequitur
1249 1187 1340 1253 Pauli

178 1302 181 1306 ·
225 1290 363 1355 historia.
394 1288 578 1356 simillimus
601 1293 649 1354 est
670 1289 910 1368 Uindobonensi‚
933 1289 1123 1354 nontamen
1147 1310 1183 1355 er
1205 1307 1239 1354 eo
1262 1290 1340 1355 deri-

225 1395 323 1458 uatus.
357 1390 553 1457 Lectionibus
578 1392 677 1472 onim,
701 1409 775 1476 quas
798 1396 870 1458 cum
903 1391 1013 1458 Vsolo
1037 1410 1214 1458 communes
1235 1392 1339 1476 habet,

225 1496 301 1560 aliae
323 1494 405 1560 hand
426 1513 539 1578 paucae
561 1498 735 1580 repugnant
757 1500 884 1578 prorsus
907 1496 1055 1561 diuersae.
1090 1495 1190 1576 Quam
1212 1493 1250 1559 ob
1273 1513 1338 1559 rem

226 1618 262 1663 ex
291 1600 396 1664 eodem
424 1598 508 1663 fonte
535 1599 700 1681 utrumque
721 1598 846 1665 duxisse
867 1600 951 1680 puto.
983 1598 1076 1663 Liber
1099 1596 1339 1664 (tremifanensis

225 1703 306 1767 inter
337 1704 467 1785 optimos
499 1701 706 1766 numerandus
734 1705 803 1782 cst,
838 1721 909 1766 cum
940 1701 1102 1781 librarius,
1136 1702 1188 1784 qui
1212 1719 1342 1766 eumer

226 1805 391 1888 archetypo
413 1806 538 1870 uetusto
553 1802 726 1888 descripsit,
749 1822 876 1869 munere
891 1823 946 1869 suo
961 1803 1202 1889 diligentissime
1215 1803 1342 1868 functus

225 1909 276 1972 sit.
305 1909 467 1973 Praeterea
488 1908 525 1985 is,
549 1906 601 1990 qui
624 1907 745 1972 saeculo
765 1907 862 1973 tertio
881 1905 1006 1972 decimo
1029 1910 1064 1972 ut
1087 1906 1211 1972 uidetur
1226 1905 1340 1971 codicis

226 2010 410 2078 emendandi
431 2029 505 2093 opus
528 2012 674 2092 suscepit,
698 2011 889 2076 coniecturas
912 2011 1031 2092 aliquot
1045 2011 1185 2094 egregias
1200 2010 1234 2073 iu
1248 2027 1341 2074 usum

226 2118 348 2181 nostrae
361 2115 514 2180 editionis
536 2114 756 2198 suppeditauit.
780 2112 826 2179 Gi.
842 2112 886 2194 II,
901 2114 953 2179 31.
976 2111 1038 2193 III,
1056 2113 1105 2178 10.
1127 2113 1175 2177 12.

181 2247 218 2304 W
267 2242 339 2310 Ood.
362 2240 678 2310 Uindobonensis
699 2242 772 2317 408,
809 2237 885 2307 olim
913 2241 1145 2323 admontensis,
1179 2260 1256 2308 saec.
1280 2239 1336 2321 XI,

226 2347 365 2426 membr,
380 2346 496 2412 formae
510 2345 646 2426 maioris,
661 2345 713 2411 lol.
731 2343 804 2410 189.
828 2342 990 2411 Uictorem
1006 2345 1191 2411 antecedunt
1202 2343 1341 2428 Thegani

226 2450 292 2516 uita
302 2449 452 2515 Ludouici
461 2449 513 2514 Pii
529 2449 559 2514 et
570 2446 941 2532 Reginonis‘Prumiensis
953 2446 1125 2512 Chronicon
1140 2447 1178 2512 ab
1190 2463 1340 2529 anonymo

228 2552 439 2619 continuatum
453 2570 550 2635 usque
564 2555 603 2618 ad
619 2571 646 2618 a.
661 2551 734 2618 967.
761 2546 812 2617 vW
819 2547 1111 2633 interpolationibus
1127 2547 1341 2615 audacioribus

226 2671 287 2720 non
308 2657 408 2734 uacat,
431 2654 609 2734 melioribus
633 2657 737 2719 autem
760 2653 868 2735 utique
887 2652 1141 2718 ¹adnumerandus
1165 2653 1220 2717 est.

178 2791 215 2846 M
267 2783 341 2850 Ood.
357 2782 412 2852 lat.
427 2781 674 2849 Monacensis
689 2779 784 2862 2545,
806 2779 881 2847 olim
897 2779 1157 2865 Alderspacensis,
1172 2797 1252 2846 saec.
1267 2779 1340 2864 ΧΠ,

228 2887 367 2971 membr,
383 2887 500 2953 formae
514 2885 690 2970 quadratae,
712 2883 765 2949 fol.
785 2884 855 2949 127.
878 2880 1024 2951 Continet
1045 2886 1167 2966 praeter
1182 2876 1340 2948 Uictorem

227 2991 329 3057 Bedae
362 2989 591 3074 expositionem
617 3005 709 3071 super
740 2983 827 3052 actus
856 2986 1073 3073 apostolorum,
1102 2985 1213 3052 Isidori
1236 2982 1340 3050 solilo-

228 3095 368 3178 quiorum
389 3093 484 3159 libros
505 3091 548 3169 Π,
571 3089 682 3156 Leonis
715 3109 811 3174 papae
835 3107 1008 3156 sermonem
1037 3087 1074 3154 de
1095 3087 1155 3154 fide
1178 3085 1340 3154 catholica.

330 3338 349 3400 ¹)
368 3333 400 3387 In
426 3331 585 3386 lectionibus
612 3331 729 3385 codicum
752 3331 810 3386 BV
832 3329 969 3384 enotandis
997 3329 1120 3396 Halmius
1142 3343 1341 3397 nounnmquam

229 3421 335 3474 errauit.
358 3419 388 3475 Ε.
401 3436 428 3488 g.
441 3417 463 3483 l,
481 3418 499 3471 4
517 3417 544 3470 B
560 3432 614 3470 non
631 3417 711 3470 habet
725 3417 830 3482 Adamas,
848 3416 893 3492 sed
911 3416 1011 3484 domos,
1029 3416 1051 3481 Ι,
1070 3417 1101 3470 11
1121 3433 1196 3486 qaas,
1213 3416 1235 3482 I,
1254 3417 1286 3469 16
1303 3413 1341 3468 ad

228 3507 373 3576 sepulture,
396 3504 419 3570 I,
432 3503 649 3572 ademptantur
661 3505 710 3571 (sic
722 3494 802 3556 etiam
817 3501 865 3569 V),
887 3503 910 3568 I,
922 3502 956 3556 35
966 3503 1080 3568 sesacni,
1106 3503 1128 3568 I,
1140 3501 1175 3555 42
1186 3497 1340 3560 tenuando,

228 3595 252 3658 I,
270 3592 305 3646 43
321 3591 457 3658 diruptos.
487 3587 652 3657 Ubicumque
676 3604 739 3658 crgo
763 3589 830 3643 alias
854 3591 935 3658 atque
957 3588 1080 3643 Halmius
1097 3587 1223 3642 lectiones
1240 3600 1270 3637 ex
1287 3583 1342 3637 BV

228 3677 323 3744 attuli,
350 3677 390 3733 ita
412 3677 441 3730 in
464 3675 502 3730 eis
526 3675 581 3745 legi
606 3675 786 3730 contendent
803 3691 819 3728 a
836 3691 877 3728 me
895 3675 1043 3730 indicatum
1061 3676 1113 3738 est,
1139 3670 1340 3740 idqueoptimo

228 3767 298 3830 iure,
324 3780 384 3819 cnm
410 3763 472 3818 illos
499 3762 600 3817 codices
627 3762 706 3817 munel
729 3763 809 3830 atque
833 3761 931 3816 iterum
952 3760 1158 3831 diligentissime
1175 3755 1339 3811 excusserim.

230 3853 267 3906 At
284 3850 366 3904 etiam
382 3850 415 3904 de
432 3847 501 3902 libro
519 3848 655 3916 Beruensl,
678 3862 755 3919 quern
773 3862 831 3901 raro
854 3849 962 3902 tantuna
979 3846 1107 3912 laudauit,
1125 3844 1193 3898 lalsa
1211 3857 1342 3896 nonnum-

230 3951 309 4006 quam
326 3934 434 3990 rettulit
450 3934 494 3989 nir
511 3933 629 4004 alioquin
646 3925 678 3987 de
696 3931 805 3988 Uictore
822 3933 1016 3989 meritissimus
1049 3931 1076 3984 Is
1094 3930 1165 3983 enirn
1184 3927 1250 3982 liber
1266 3925 1288 3991 I,
1306 3924 1340 3980 32

230 4039 282 4077 non
299 4020 379 4076 habet
396 4020 561 4087 cmmercio,
578 4018 624 4074 sed
642 4019 797 4086 coamertia,
815 4017 852 4084 II,
863 4019 896 4073 31
914 4034 965 4073 non
977 4016 1120 4084 occupari,
1139 4014 1184 4069 sed
1201 4027 1339 4081 occupare,

230 4109 267 4173 11,
286 4107 320 4161 54
344 4123 395 4161 non
422 4105 597 4170 detestantes,
624 4105 670 4159 sed
696 4103 847 4171 destantes,
873 4103 909 4172 H,
928 4100 962 4157 ’12
984 4103 1010 4155 in
1029 4117 1059 4156 co
1076 4112 1129 4157 uon
1148 4100 1243 4153 desunt
1260 4097 1341 4153 uerba

226 4195 320 4263 potato
336 4192 485 4249 ismaro.
505 4230 511 4244 .
530 4191 737 4260 piscacione.
