3112 4824
652 281 811 347 siberin,
839 283 916 337 1-5.
1284 265 1347 352 '73

220 475 362 558 quisquis
383 475 467 541 enim
490 472 608 557 aliquid
630 473 799 556 prauitatis
822 472 987 551 inuenerit,
1020 473 1080 538 sibi
1102 473 1238 556 imputat
1266 475 1347 557 quod

219 577 362 644 ineurrit
385 576 424 644 In
437 593 501 658 qua
512 593 545 642 re
560 578 674 642 nutem
687 575 789 642 diuini
811 575 921 640 iudieii
937 575 1104 640 elementia
1117 580 1226 642 nostre
1239 579 1347 644 seouta

220 684 279 760 est,
312 681 393 763 qnod
415 678 587 762 quibusque
619 679 769 762 personis,
802 682 895 761 prout
917 697 1024 744 eorum
1051 677 1136 743 faeta
1163 679 1345 762 meruerint,

218 804 274 850 seu
295 783 379 850 bona
399 801 455 848 seu
470 782 550 849 forte
571 781 689 848 talibus
711 783 878 866 contraria,
901 781 977 847 dum
998 780 1075 846 fauit
1098 780 1235 864 expendi,
1251 781 1347 848 simul

198 886 318 954 aetiam
339 883 483 969 prouenit
497 887 701 969 compensari.
724 886 837 969 Itaque
851 884 901 950 his
916 884 1169 967 promeantibus,
1185 887 1241 967 qui
1255 904 1345 968 prae·

222 990 398 1072 oepttonem
411 989 537 1055 inolitae
558 988 781 1055 reeordationis
803 988 903 1072 patris
919 988 1017 1053 nostri
1032 987 1083 1052 uel
1098 989 1345 1055 mansuetudinis

222 1097 345 1158 nostrae
372 1091 560 1157 crediderint
583 1110 650 1157 esse
672 1093 881 1168 temnendam,
904 1109 1068 1156 censuram
1090 1090 1266 1156 seueritatis
1289 1091 1345 1155 ad-

220 1195 383 1260 sumimus.
420 1194 674 1261 Auoteritatibus
708 1195 792 1260 enim
825 1194 944 1260 eunetis
977 1195 1098 1278 populis
1131 1193 1263 1260 fecimus
1296 1197 1374 1262 in·4

220 1299 349 1376 notasti,
372 1299 456 1363 utin
472 1297 606 1363 sortibus
621 1296 857 1363 Uuendalorum
871 1298 973 1363 nullos
988 1302 1158 1364 conuentus
1174 1298 1345 1363 omousiani

185 1400 393 1467 roeaeerdotes
414 1403 622 1481 adsumerent,
655 1419 712 1466 neo
734 1401 852 1483 aliquid
879 1401 1108 1485 mysteriorum,
1142 1419 1222 1484 quae
1244 1400 1345 1485 magis

218 1505 372 1586 polluunt,
394 1503 520 1569 sibimet
542 1502 747 1571 uindicarent.
782 1503 868 1585 Quod
890 1523 962 1569 eum
984 1505 1160 1570 uideremus
1183 1520 1251 1569 esee
1272 1523 1345 1570 nee

221 1606 337 1672 leotum
360 1608 392 1671 et
411 1607 561 1690 plurimos
585 1625 650 1673 esse
671 1610 810 1692 repertos
832 1605 969 1673 dieentes
985 1627 1018 1673 se
1032 1608 1188 1692 integram
1203 1606 1346 1692 regulam

219 1706 292 1774 fidei
315 1709 458 1788 retinere,
482 1711 680 1792 postmodum
701 1709 866 1776 uniuersos
885 1713 1008 1776 eonsmt
1022 1711 1115 1775 fuisse
1131 1712 1344 1793 commonitos,

216 1810 323 1893 spatia
344 1812 492 1896 temporis
514 1816 698 1897 praerogata
714 1831 880 1881 mensuum
895 1830 1010 1879 nouem
1026 1809 1126 1900 [quae]
1144 1812 1345 1898 eontentioni,

185 1913 246 1982 usi
268 1914 343 1996 quid
365 1915 404 1980 ab
427 1910 535 1981 eorum
557 1917 714 1999 proposito
735 1918 841 1999 posset
854 1915 968 2000 aptari,
991 1917 1028 1981 ut
1041 1915 1081 1981 ad
1095 1916 1148 1981 Kl.
1161 1915 1346 1982 Februarias

220 2017 295 2082 anni
316 2017 418 2083 ooteui
450 2019 539 2103 regni
570 2021 669 2085 nostri
689 2018 759 2084 sine
781 2023 867 2084 metu
890 2019 993 2102 aliquo
1028 2019 1240 2083 conuenirent.
1284 2017 1376 2098 Quo

218 2122 294 2187 dum
309 2121 369 2186 hue
383 2125 422 2188 ad
438 2121 728 2205 Carthaginiensem
743 2122 934 2187 confluerent
952 2121 1125 2203 ciuitatem,
1141 2122 1211 2203 post
1225 2138 1345 2186 moram

219 2223 369 2306 temporis
403 2225 582 2308 praestituti
616 2225 712 2291 eliam
743 2242 863 2307 quoque
886 2223 1080 2289 dilationem
1111 2224 1346 2306 aliquantorum

219 2326 341 2394 dierum
364 2328 484 2413 dedisse
506 2329 728 2410 eognosoimur.
751 2328 794 2392 ut
816 2328 891 2392 dum
914 2345 947 2392 ee
970 2326 1127 2392 eonfliotui
1148 2330 1273 2409 paretes
1289 2325 1345 2390 ad·

185 2432 387 2510 astruerent,
403 2433 504 2515 primo
520 2432 570 2496 die
584 2450 604 2497 a
618 2429 849 2496 uenerabilibus
865 2429 1016 2514 episeopis
1032 2430 1145 2495 nostris
1160 2428 1204 2494 eis
1219 2429 1344 2495 uidetur

219 2550 286 2597 esse
308 2533 513 2616 propositum,
538 2537 573 2599 ut
588 2533 757 2612 omousion,
780 2532 863 2599 siout
877 2533 1042 2598 ammoniti
1058 2535 1155 2616 erant,
1178 2552 1216 2597 ex
1230 2530 1344 2598 diuinis

220 2635 383 2719 seripturis
406 2638 529 2720 proprie
551 2636 769 2719 adprobarent,
793 2639 848 2701 aut
863 2637 945 2701 certe
968 2637 1083 2719 quoda
1106 2635 1194 2700 mille
1217 2634 1250 2700 et
1264 2634 1346 2718 quod
1378 2712 1382 2720 Ι

211 2904 217 2911 ’
272 2910 457 2979 liuputetW
474 2911 591 2980 imputet
602 2910 666 2964 Me.-
682 2909 718 2976 ef.
733 2909 826 2965 Iada'e
838 2910 893 2966 ΠΙ
899 2908 1179 2979 ‘praeacutoztiatam'
1279 2906 1344 2976 quid

223 2995 271 3049 Ve¹
375 2996 465 3050 2ram
483 2998 512 3052 P
611 2994 712 3050 indicia
733 2996 769 3051 V¹
871 2995 1011 3065 3quibns
1029 3011 1113 3063 usque
1134 2994 1190 3050 PR
1290 3007 1344 3046 me

219 3081 333 3135 ruierint
354 3081 381 3136 V
479 3080 639 3151 derependi
660 3081 721 3138 VO*
746 3080 946 3155 expendith
1050 3082 1135 3135 etiam
1152 3079 1274 3148 simule

220 3167 343 3224 tiuostri
360 3170 444 3238 patria
462 3190 485 3237 φ
538 3168 773 3223 ἰιιιειιοῐιιᾶίιιὶε
789 3168 829 3224 W
927 3168 1130 3224 ‘terediderunt
1147 3167 1186 3222 Μ
1275 3168 1343 3220 tem·

218 3254 334 3308 neodem
352 3253 456 3308 BML:
479 3253 667 3323 tempnendam
685 3254 748 3310 Vm
772 3255 916 3309 tenendam
930 3255 969 3310 W
992 3253 1161 3310 retentandam
1177 3251 1234 3310 PR
1261 3253 1343 3306 reni·

218 3341 363 3395 teudumb
449 3340 604 3395 securitatis
621 3341 650 3395 b*
745 3339 913 3409 8ignotesei
931 3340 984 3395 PR
1079 3339 1205 3394 9nullus
1223 3339 1275 3395 PR

217 3424 389 3480 homousiani
405 3425 444 3480 W
467 3424 604 3480 omousion
622 3425 706 3481 Pour
807 3427 840 3480 11
858 3424 968 3480 sibimet
985 3425 1154 3481 uindicarent
1171 3440 1221 3480 om.
1237 3424 1277 3481 W

218 3512 366 3566 neoleotum
383 3510 477 3582 BVe¹z
504 3512 654 3579 negleotum
672 3511 731 3566 reti.
838 3510 872 3565 14
888 3512 977 3580 apaeio
996 3517 1023 3566 et
1040 3512 1196 3580 praerogato
1214 3509 1276 3563 Mn

218 3597 350 3651 mensium
367 3598 447 3652 MLt
474 3612 595 3652 mentum
614 3598 669 3654 PR
772 3612 840 3653 noue
858 3595 926 3652 BV¹
1026 3613 1094 3668 quae
1111 3597 1202 3652 dolero
1298 3611 1342 3650 no

218 3694 283 3737 uem*
300 3686 332 3738 ut
355 3684 535 3739 contentionis
558 3689 609 3753 gia
626 3685 650 3739 ei
667 3683 732 3754 quid
749 3684 784 3738 ab
802 3686 841 3738 eis
857 3684 1022 3753 propesitum
1045 3685 1135 3752 posset
1157 3683 1245 3752 aptari
1261 3680 1296 3736 ad
1313 3681 1343 3735 kd

218 3770 257 3827 ata
274 3771 311 3824 M
395 3769 705 3840 eontentionisiqnidem
728 3771 750 3826 0
774 3767 957 3826 contentionis
969 3769 1070 3841 siquid
1086 3769 1144 3824 rell.
1235 3768 1269 3823 15
1278 3774 1343 3838 ppo·

218 3855 312 3910 sitob
415 3855 500 3924 possit
524 3858 542 3926 β
569 3852 680 3926 possent
703 3857 791 3925 optari
814 3856 847 3913 0²
953 3855 1118 3910 instruarius
1140 3854 1168 3911 B
1197 3853 1343 3909 febroarias

219 3941 274 3994 Pu
369 3943 402 3996 16
420 3957 490 3996 enno
509 3943 604 3996 ortano
622 3943 659 3996 M
743 3941 851 4011 aliquod
869 3938 987 3997 BVO¹o¹
1082 3941 1116 3994 17
1133 3941 1343 4008 cartagineneem

218 4025 317 4094 BpW
419 4027 531 4081 ciuitate
552 4026 620 4081 BV¹
733 4027 924 4098 lantpero
1027 4028 1179 4082 astruerent
1200 4025 1276 4081 aare
1301 4042 1343 4080 aa·

220 4113 354 4166 struerent
375 4113 470 4170 WOL
581 4113 613 4168 21
639 4111 773 4168 admoniti
791 4110 834 4168 'W
853 4112 926 4170 utos
944 4130 977 4170 ee
994 4115 1061 4170 maie
1123 4135 1124 4138 ¹
1171 4113 1208 4172 22.
1230 4113 1344 4183 quodam

219 4196 265 4251 ille
284 4197 341 4252 BV
442 4203 508 4268 quot
530 4198 576 4253 Ob
