3112 4824
1298 305 1368 362 XIII

295 476 453 545 Uictorem
483 476 657 559 nuperrime
691 474 788 542 edidit
815 472 982 542 Carolus
1012 476 1193 543 Halmius
1221 477 1254 543 in
1280 477 1368 555 libro,

254 579 341 647 cuius
364 579 476 645 titulus
499 579 562 644 ost:
585 577 731 645 ‘Victoris
747 577 884 643 Vitensis
900 577 1031 643 hletoria
1050 579 1272 662 persecutioms
1283 579 1370 646 Afri·

253 700 347 748 canae
375 681 554 763 prouinciae
582 681 639 747 sub
663 680 817 747 Geiserico
846 683 878 745 et
899 680 1049 746 Hunirico
1077 681 1202 766 regibus
1228 682 1368 748 Wanda-

252 786 353 850 lorum
378 785 593 867 (Monumenta
608 783 790 851 Germaniae
812 783 969 850 historica.
992 784 1163 850 Auctorum
1186 785 1368 867 antiquissi-

253 906 374 953 morum
411 887 489 953 tomi
522 907 563 954 111
594 907 665 970 pars
702 887 809 972 prior).
857 887 998 953 Berolini
1034 891 1115 971 apud
1148 886 1368 955 Weidmannos

254 992 534 1056 rrucccnxxvuu?
562 992 630 1056 Hac
653 993 787 1059 editione
808 978 858 1057 me
881 1009 1064 1074 magnopere
1087 991 1228 1056 adiutum
1250 1010 1314 1057 esse
1335 991 1369 1056 in

254 1091 355 1158 uerbis
377 1096 511 1159 auctoris
534 1093 737 1161 restituendis
760 1093 896 1179 ingenue
910 1092 1020 1158 fateor.
1048 1090 1131 1157 Nam
1146 1091 1207 1159 etsi
1221 1093 1370 1175 quaedam

252 1195 354 1261 minus
383 1200 466 1262 recte
494 1197 653 1280 scripsisse
683 1195 908 1262 existimandus
939 1198 985 1259 est
1013 1195 1062 1260 uir
1091 1194 1303 1275 doctissimus,
1334 1215 1370 1261 ea

254 1300 407 1364 mehercle
430 1300 599 1366 minutiora
620 1302 694 1366 sunt
716 1320 817 1383 neque
839 1299 888 1365 ita
910 1302 1099 1381 comparata,
1127 1304 1162 1366 ut
1183 1298 1281 1365 labori
1303 1298 1368 1363 eius

253 1405 343 1485 atque
355 1405 491 1470 acumini
502 1405 627 1470 laudem
639 1404 757 1488 possint
773 1405 942 1472 detrahere.
961 1405 1037 1486 Quis
1049 1406 1131 1469 enirn
1141 1422 1202 1469 non
1213 1402 1369 1468 interdum

252 1506 410 1572 laberetur
432 1508 464 1573 in
483 1507 598 1574 edendo
614 1511 762 1592 scriptore
787 1513 963 1574 austerum
979 1526 1087 1574 norma
1108 1509 1140 1574 et
1160 1526 1270 1592 genere
1293 1508 1368 1571 scri-

252 1608 347 1674 bendi
366 1628 489 1693 prorsus
510 1610 621 1690 alieno,
645 1610 732 1677 cuius
753 1629 855 1677 sermo
876 1614 942 1677 tam
957 1611 1042 1676 rudis
1058 1611 1104 1676 est
1118 1614 1210 1693 atque
1226 1609 1366 1694 agrestis,

254 1717 289 1777 ut
310 1715 407 1780 bonae
430 1715 597 1781 latinitatis
613 1714 748 1799 uestigia
762 1714 920 1798 supersint
934 1732 1027 1798 paene
1050 1713 1147 1792 nulla,
1169 1713 1264 1779 uerba
1279 1730 1369 1795 saepe

253 1816 319 1881 tam
331 1817 468 1897 obscura,
485 1819 521 1882 ut
535 1818 675 1902 intellegi
689 1818 742 1883 uix
754 1822 878 1901 queant,
893 1817 1046 1883 librorum
1060 1816 1188 1899 denique
1200 1815 1293 1881 lectio
1304 1820 1369 1881 tam

255 1919 386 1999 diuersa,
409 1925 445 1985 ut
467 1920 498 1985 te
521 1921 565 1984 ‘in
579 1941 613 1986 ro
629 1922 739 1987 critica
753 1921 916 1988 tractanda
935 1923 1017 1986 certo
1032 1924 1117 1999 duce,
1141 1938 1233 2003 quem
1247 1917 1368 2001 potissi·

254 2040 342 2087 mum
357 2038 494 2105 sequare,
513 2023 704 2089 ‘destitutum
722 2024 795 2089 esse'
818 2028 847 2090 et
863 2022 991 2089 moleste
1007 2024 1089 2089 feras
1107 2026 1139 2087 et
1154 2021 1266 2087 doleas.
1289 2020 1370 2087 Mihi

256 2123 380 2206 quidem
394 2125 530 2190 Uictoris
553 2142 628 2206 opus
650 2126 770 2193 edituro
792 2127 824 2193 id
846 2125 1042 2208 potissimum
1056 2143 1170 2191 munus
1192 2124 1368 2189 iniunctum

255 2244 321 2292 esse
343 2228 443 2309 uolui,
474 2231 510 2293 ut
532 2248 551 2292 a
571 2227 631 2293 fide
655 2222 761 2295 eorum
783 2229 950 2309 librorum,
978 2246 1052 2311 quos
1075 2228 1207 2312 optimos
1230 2246 1293 2293 esse
1316 2245 1367 2293 co-

253 2348 431 2413 gnouerem,
455 2350 519 2396 non
539 2333 721 2410 recederem,
745 2333 804 2397 nisi
825 2332 879 2398 ubi
901 2333 1014 2415 apertis
1037 2331 1122 2396 uitiis
1143 2331 1177 2395 in
1198 2332 1241 2395 eis
1264 2332 1368 2413 depre

255 2433 357 2498 heusis
379 2434 418 2498 ad
440 2435 574 2500 alterum
596 2436 735 2501 codicum
758 2454 853 2519 genus
881 2436 1042 2518 confugere
1064 2453 1184 2500 necesse
1208 2433 1366 2509 haberem3

256 2554 334 2618 quae
355 2555 428 2602 uero
443 2538 477 2601 in
492 2538 657 2604 uerborum
673 2541 819 2603 contextu
833 2541 916 2603 recte
931 2537 1091 2621 scripsisse
1106 2541 1159 2603 aut
1180 2536 1368 2602 intellexisse

255 2639 333 2703 mihi
354 2641 440 2704 uleus
463 2658 577 2716 essem,
610 2641 642 2704 in
670 2641 771 2705 indice
798 2642 963 2707 uerborum
992 2643 1024 2705 et
1044 2639 1247 2720 locutionum,
1276 2657 1368 2722 quem

256 2762 376 2808 summo
396 2762 468 2809 cum
489 2744 593 2810 labore
608 2744 734 2826 confeci,
757 2764 848 2828 quam
870 2745 1048 2828 plenissime
1070 2745 1253 2828 explicarem
1276 2744 1368 2825 atque

259 2846 405 2928 exemplis
428 2846 554 2912 allunde
576 2848 725 2930 quaesitis
751 2848 958 2931 approbarem.

296 2967 476 3049 Antequam
497 2966 682 3048 praelationi
703 2967 797 3032 finem
819 2969 958 3050 impono,
987 2986 1048 3033 non
1069 2986 1193 3052 possum
1216 2985 1275 3032 non
1296 2985 1367 3051 gra-

255 3067 314 3133 tias
336 3087 425 3152 agere
453 3071 678 3136 academiae
700 3071 926 3136 litterarum
947 3074 1153 3136 caesareae
1175 3069 1368 3135 Uindobo·

255 3172 386 3250 nensi,
410 3173 496 3237 cuius
518 3172 707 3239 liberalitate
730 3174 808 3238 satis
830 3192 944 3258 magna
964 3172 1114 3239 librorum
1128 3191 1224 3238 manu
1238 3174 1368 3254 scripto-

255 3293 325 3338 rum
347 3274 434 3358 copia
455 3276 533 3341 mihi
554 3278 602 3341 uti
623 3277 727 3356 licuit,
750 3277 861 3342 deinde
882 3277 959 3343 uiris
981 3277 1116 3358 eximiis,
1144 3294 1274 3358 quorum
1297 3276 1368 3339 doc·

255 3376 354 3442 trinae
377 3381 407 3442 et
430 3379 615 3446 humanitati
637 3380 826 3465 permultum
852 3380 958 3464 debeo,
981 3379 1118 3446 Carolo
1144 3377 1316 3446 Schenkl
1337 3377 1369 3441 et

256 3481 451 3548 Guilelmo
479 3482 633 3563 Hartel,
661 3485 729 3548 tum
757 3483 901 3548 Iacobo
924 3482 1107 3549 Wichner
1137 3479 1367 3547 bibliothecario

256 3581 486 3662 honestissimo,
521 3586 575 3667 qui
608 3586 718 3653 codicis
740 3587 957 3652 Admontensis
980 3587 1099 3668 copiam
1121 3585 1198 3649 mihi
1220 3584 1310 3661 fecit,
1337 3586 1368 3647 et

256 3681 392 3749 Carolo
416 3687 547 3752 Zetter
570 3689 703 3773 collegae
725 3689 919 3767 amIcissimo,
945 3691 998 3770 qui
1020 3692 1057 3754 de
1072 3707 1175 3753 sacrae
1197 3686 1368 3768 scripturae

255 3787 331 3852 locis
359 3791 411 3854 uel
433 3791 470 3855 de
492 3791 729 3874 antiquitatibus
752 3791 933 3858 Christianis
961 3794 1075 3857 iterum
1101 3793 1274 3872 iterumque
1296 3808 1367 3856 con-

256 3892 355 3957 sultus
379 3910 502 3976 operam
523 3894 601 3960 mihi
623 3896 778 3979 egregiam
799 3913 913 3961 nauare
936 3914 995 3960 non
1018 3894 1149 3960 destitit.

299 4010 477 4079 Scribebam
494 4016 615 4083 Graecii
630 4017 663 4081 in
679 4015 782 4099 Styria
796 4034 900 4083 meuse

458 4118 573 4182 Martio
596 4136 623 4183 a.
647 4117 740 4184 1881.

954 4222 1091 4294 tlichael
1122 4225 1326 4314 Petscheniq.
