3112 4824
696 247 850 305 Uictoris
876 247 1034 307 Uitruuio

575 910 791 1015 LIBER
837 910 1153 1013 TERTIUS.

274 1195 291 1259 l
347 1190 418 1273 (lv,
435 1190 466 1273 1)
495 1189 558 1269 Qui
579 1208 650 1256 oum
671 1192 780 1257 noster
799 1189 926 1256 ruerus
948 1191 1105 1274 legeretur
1126 1190 1259 1271 oblatus,
1282 1188 1428 1258 ueritatis

217 1320 220 1325 ·
303 1293 411 1359 lumen
434 1310 629 1375 naquaquam
651 1292 779 1358 sufferre
802 1293 902 1358 oaeois
924 1294 1021 1359 walis
1036 1299 1215 1379 potuerunt,
1237 1294 1429 1361 insanientes

303 1395 436 1463 roribus
449 1397 619 1462 inferendis
634 1397 834 1480 grauiterque
847 1396 990 1478 inerms,
1005 1416 1101 1480 quare
1116 1416 1172 1464 nos
1183 1398 1308 1464 nomine
1323 1399 1429 1463 nostro

303 1499 471 1565 oatholioos
493 1499 671 1565 dixerimus.
695 1498 872 1583 Statimque
895 1501 1083 1566 mentientes
1105 1504 1277 1585 suggerunt
1299 1501 1368 1585 regi
1389 1502 1429 1567 de

303 1600 404 1677 nobis,
427 1604 564 1684 eoquod
587 1603 753 1685 strepitum
776 1603 938 1669 fecerimus
962 1603 1154 1670 audientiam
1175 1603 1346 1688 fugientes;
1375 1603 1464 1686 quis

303 1706 411 1771 eadem
443 1706 519 1771 hora
551 1723 698 1772 aseensus
727 1708 758 1771 et
781 1709 907 1772 eredens
939 1707 1099 1773 mendacio
1133 1704 1296 1772 festinarit
1328 1705 1432 1772 faeere

273 1807 386 1891 2quod
407 1806 545 1873 uolebat.
568 1808 610 1872 Et
631 1807 695 1874 iam
717 1808 927 1895 conscriptum
951 1809 1115 1874 decretum
1129 1808 1246 1875 habens
1262 1811 1293 1874 et
1309 1807 1432 1877 occulta

305 1924 377 1976 aum
399 1909 509 1976 eodem
531 1909 655 1977 torreto
680 1929 737 1995 per
759 1910 897 1989 diuersas
918 1910 1096 1994 prouinoias
1117 1922 1188 1979 suos
1215 1911 1359 1979 homines
1381 1911 1432 1979 ui·

303 2012 418 2099 rigens,
441 2013 591 2100 episeopis
613 2011 800 2096 Carthagine
826 2013 937 2098 positis
959 2032 1021 2079 uua
1043 2012 1094 2083 oie
1116 2012 1282 2083 uniuersae
1305 2012 1432 2103 Africae

303 2115 448 2185 ausus
482 2115 605 2196 cauit
639 2116 879 2205 omissamque
912 2117 1121 2185 substantiam
1154 2117 1369 2200 episcoporum
1398 2121 1467 2186 etro

304 2219 507 2287 eeclesiarum
541 2218 607 2287 suis
643 2219 796 2304 episeopis
813 2238 962 2285 munere
996 2219 1194 2287 oondonauit.
1239 2218 1432 2287 Nesoiens

303 2339 425 2407 quoque
446 2323 541 2405 quid
563 2323 799 2406 loqueretur
819 2340 942 2405 usque
958 2321 1160 2405 dequibus
1175 2322 1431 2404 adfirmabat,

305 2425 416 2513 legem,
440 2443 536 2510 quam
559 2427 679 2491 dudum
701 2424 870 2508 Christiani
898 2428 1100 2510 imperatores
1128 2426 1226 2493 nostri
1249 2428 1357 2491 eontra
1379 2444 1432 2493 eos

305 2531 340 2596 ot
361 2532 469 2597 eontra
490 2528 567 2595 allos
590 2529 743 2599 heretioo's
764 2548 820 2615 pro
842 2528 1076 2597 honorificentia
1091 2527 1240 2595 ecelesias
1262 2528 1432 2597 catholicae

303 2626 466 2710 dederont,
489 2635 656 2703 musteum
670 2652 728 2701 nos
742 2634 791 2700 illi
805 2651 975 2719 proponere
991 2650 1053 2698 nou
1069 2632 1268 2710 erubuerunt,
1282 2631 1432 2699 auratos
1442 2655 1468 2699 rs

306 2735 409 2805 multa
429 2735 468 2803 ds
489 2738 564 2817 suis,
597 2738 682 2803 siant
713 2738 834 2820 placuit
866 2736 1050 2819 tyrannicae
1069 2736 1230 2818 potestati.
1274 2736 1363 2800 Haeo
1383 2735 1432 2801 ost

306 2837 392 2904 enim
414 2839 512 2905 series
534 2840 627 2906 datas
647 2843 681 2905 ot
700 2841 876 2923 propositae
897 2839 988 2922 legis.

274 2962 297 3028 3
349 2956 979 3039 av‚2)‘uexflunirix1]uanoalorum
1012 2962 1044 3025 et
1072 2956 1246 3027 Alanorurn
1278 2956 1432 3027 uniuersis

306 3054 430 3148 populis
445 3063 551 3129 nostro
567 3081 661 3147 regno
676 3064 834 3130 subiectis,
858 3061 1069 3145 Triumphalis
1085 3066 1117 3128 et
1131 3061 1307 3129 maiestatis
1327 3061 1433 3145 regiae

306 3166 457 3250 probatur
477 3184 544 3233 esse
567 3167 706 3248 uirtutis,
740 3167 878 3234 malain
900 3169 1042 3233 auctores
1077 3165 1207 3232 oonsilio
1239 3168 1470 3246 retorquerem

411 3371 442 3427 11
467 3370 501 3426 uf.
522 3370 623 3427 Irim.
642 3372 667 3439 1,
685 3370 710 3427 ἵ.

360 3557 374 3612 1
393 3557 515 3613 oblatum
533 3559 596 3616 Wo²
698 3556 804 3612 2oaeei
822 3556 893 3612 oculi
909 3556 947 3612 W
1048 3554 1205 3610 onerandis
1226 3555 1266 3612 W
1289 3553 1434 3608 inferentes

307 3645 324 3714 β
427 3643 612 3698 4direxirnus
635 3642 718 3697 ΒΙὶὺ2
819 3643 836 3695 5
859 3641 1009 3712 strepidum
1031 3642 1090 3696 BV
1189 3639 1319 3694 iooermus
1343 3638 1369 3695 V

308 3731 390 3786 tora
407 3730 485 3787 BVO
570 3730 718 3785 etoredens
730 3745 780 3785 oon.
798 3730 832 3785 M
918 3728 1163 3798 ossismorum
1180 3726 1367 3785 BVWMLR

309 3816 442 3872 desertum
463 3818 498 3874 0¹
590 3818 623 3872 11
640 3831 748 3871 munere
764 3817 797 3872 tu
814 3815 843 3870 B
859 3831 879 3870 a.
892 3816 908 3870 l.
922 3815 1066 3874 additum:
1084 3830 1195 3870 munera
1212 3814 1242 3868 b¹
1276 3812 1279 3816 ’
1328 3811 1362 3865 14
1379 3824 1436 3864 ero-

308 3901 379 3956 tieos
397 3902 425 3956 P
526 3904 558 3958 15
581 3902 708 3958 dederant
724 3916 775 3958 om.
793 3901 924 3958 BVG¹o¹:
954 3901 1075 3956 tulerant
1097 3901 1130 3956 θ’
1159 3899 1351 3969 proposuerant
1366 3895 1437 3951 hane

313 3986 376 4044 We
401 3990 640 4059 promulgauarunt
657 3989 685 4044 L
789 3988 823 4046 17
840 3988 1007 4058 praepositae
1025 3986 1150 4043 BWPR
1252 3984 1286 4038 18
1303 3980 1393 4036 unirix
1411 3980 1440 4035 P

309 4071 430 4127 uuirioru
458 4075 498 4131 W
522 4074 653 4130 hunerioh
679 4076 718 4131 Μ
825 4074 858 4130 19
884 4074 1035 4128 maiestatis
1063 4074 1091 4127 et
1116 4074 1173 4126 r²oe
1198 4069 1235 4136 ef.
1263 4067 1356 4124 ludio.
1383 4064 1443 4121 ΠΙ

310 4158 467 4228 ‘praetiosus
483 4159 619 4228 pootitotss
723 4160 758 4214 20
774 4160 949 4229 proturbatur
967 4160 996 4214 P
