3112 4824
655 326 743 382 liber
761 329 798 394 11,
822 330 928 384 17-21.
1313 335 1353 400 31

233 515 327 582 istam
359 515 447 581 uobis
480 517 693 599 praesentibus
727 520 834 581 sancto
863 517 985 583 rettulit
1019 519 1165 602 Eugenio.
1209 521 1298 586 Uidit
1321 523 1352 586 et

232 619 359 702 quidam
382 619 541 703 presbyter
563 620 662 700 ipsam
677 619 785 683 Fausti
800 619 945 684 refertam
961 619 1062 684 turbis
1077 622 1353 688 innumerabilium

233 722 414 805 populorum
437 723 559 803 etpost
581 721 744 803 paululum
766 724 947 787 euacuatam
970 726 1001 786 et
1017 725 1170 805 repletam
1191 743 1353 806 porcorum

232 825 434 891 multitudine
457 825 550 907 atque
572 843 739 908 caprarum.
765 824 845 888 Item
869 824 948 889 alios
971 826 1052 890 uidit
1071 843 1174 890 aream
1197 829 1402 895 triticeaml9

210 928 431 994 euentilationi
453 932 602 1011 paratam,
626 930 731 1012 granis
755 928 855 994 adbuc
878 930 1074 995 uentilatoris
1089 929 1202 995 indicio
1217 933 1349 996 necdum

232 1031 367 1113 apalea
399 1033 557 1114 separatis.
605 1031 642 1095 at
670 1035 743 1099 dnm
771 1031 905 1117 ingentis
932 1050 1063 1111 massae,
1091 1033 1165 1097 licet
1192 1035 1347 1112 confusae,

230 1135 479 1218 magnitudinem
502 1135 678 1212 miraretur,
702 1134 804 1199 subito
820 1153 890 1199 ecce
906 1135 997 1201 turbo
1013 1135 1137 1200 ueniens
1153 1138 1348 1216 tempestatis

230 1238 379 1319 soniuago
400 1238 475 1301 datu
499 1239 599 1320 coepit
621 1237 789 1302 aduentum
813 1257 903 1303 suum
919 1241 1063 1323 surgente
1079 1238 1206 1320 puluere
1223 1239 1348 1305 demon·

229 1344 342 1417 strare3
367 1342 454 1405 ouius
471 1341 589 1422 impetu
612 1341 702 1424 palea
724 1341 781 1405 illa
799 1341 898 1405 omnis
915 1340 1039 1406 omnino
1054 1341 1172 1406 uelauit
1187 1360 1348 1407 remanen-

194 1464 219 1504 ro
228 1444 312 1509 tibus
335 1443 451 1525 granis.
475 1443 550 1507 Post
572 1443 648 1507 haec
665 1443 751 1507 uenit
767 1444 892 1524 qnidam
909 1461 1050 1527 procerus
1075 1443 1234 1527 splendido
1256 1444 1347 1508 uultu

227 1546 397 1630 habituque
434 1546 533 1611 nitido
567 1545 702 1628 fulgens,
738 1547 769 1610 et
802 1546 901 1630 eoepit
933 1565 1030 1628 grana
1061 1565 1158 1612 uacua
1180 1547 1347 1614 macilenta

228 1653 319 1734 atque
331 1648 511 1733 simulagini
526 1648 655 1731 reproba
669 1650 826 1730 purgando
838 1649 983 1729 proicere.
999 1648 1083 1726 Quae
1100 1649 1153 1714 diu
1168 1649 1345 1715 examinans

226 1755 279 1820 uix
300 1753 546 1837 magnitudinem
570 1752 656 1815 illius
680 1769 817 1826 massae,
846 1751 919 1816 licet
942 1753 1105 1834 probatae,
1136 1752 1175 1816 ad
1199 1771 1346 1817 aceruum

225 1860 331 1923 tamen
353 1855 495 1939 perduxit
516 1856 669 1938 exiguum.
693 1856 774 1920 Item
796 1856 875 1919 alins
898 1856 958 1920 ait:
991 1854 1099 1920 Stabat
1117 1855 1243 1938 quidam
1257 1861 1398 1938 prae-ro

191 1981 215 2019 re
225 1959 323 2025 celsus
346 1977 437 2040 snper
460 1960 608 2036 montem,
633 1959 686 2040 qni
709 1958 869 2042 Ziquensis
887 1959 1008 2037 dicitur,
1026 1960 1056 2022 et
1072 1960 1227 2024 clamabat
1238 1959 1346 2025 dextra

224 2063 388 2143 laeuaque:
423 2061 571 2145 migrate,
604 2061 746 2143 migrate.
792 2063 881 2126 Alius
911 2061 1060 2144 conspicit
1090 2062 1232 2146 rugiente
1261 2062 1343 2127 caelo

224 2170 316 2249 atque
330 2166 454 2231 turbato
478 2164 660 2246 sulphureas
675 2168 781 2240 nubes,
798 2184 874 2246 qnae
890 2165 1031 2248 ingentes
1047 2167 1212 2247 coeperunt
1226 2164 1343 2246 lapides

223 2269 364 2336 iaculari:
389 2269 442 2350 qui
464 2268 581 2349 lapides
605 2270 678 2333 dum
702 2269 879 2332 cecidissent
901 2269 934 2332 in
956 2270 1081 2348 terram,
1105 2266 1175 2348 plus
1197 2268 1342 2332 accende-

222 2373 335 2438 bantur
359 2372 390 2436 et
412 2370 580 2436 maioribus
599 2372 731 2435 dammis
747 2370 905 2449 ardebant,
923 2375 1015 2450 atque
1030 2369 1183 2432 intrantes
1200 2370 1233 2431 in
1248 2388 1341 2450 pene·

186 2475 314 2540 retrario
337 2477 499 2540 domorum
522 2493 596 2557 quos
619 2474 799 2539 inuenerant
814 2473 1027 2540 incendebant.
1052 2471 1112 2553 Qui
1129 2474 1232 2535 autem
1249 2472 1340 2550 uidit,

169 2650 172 2653 Δ
223 2578 277 2656 ait,
301 2596 371 2642 oum
396 2596 429 2642 se
445 2577 478 2642 in
492 2579 623 2658 quodam
636 2577 775 2642 cubiculo
791 2574 1010 2654 abscondisset,
1027 2574 1224 2638 miseratione
1236 2575 1341 2639 diuina

220 2683 259 2747 nd
282 2700 352 2745 eum
374 2681 500 2744 flamma
515 2698 574 2743 uon
591 2679 693 2760 potuit
708 2679 883 2762 peruenire3
899 2697 966 2744 reor
980 2681 1016 2743 ut
1031 2678 1110 2743 illud
1126 2678 1339 2760 propheticum

221 2784 428 2865 conpleretur:
459 2783 594 2847 claude
616 2784 757 2846 ostium
777 2784 888 2847 tuum
905 2786 942 2847 et
958 2780 1339 2862 abscoudetepusil·

220 2888 298 2950 lum
326 2886 640 2968 aliquantulum,
672 2886 790 2951 donec
817 2888 996 2951 transeat
1018 2887 1075 2950 ira
1098 2883 1168 2949 dei.
1197 2883 1285 2948 Uidit
1307 2885 1387 2951 aar

183 3005 210 3048 ee
219 2989 401 3054 uenerabilis
431 2989 548 3051 Paulus
579 2988 737 3070 episcopus
767 2990 906 3054 arborem
930 3009 1026 3070 usque
1050 2990 1089 3053 ad
1113 2986 1213 3052 caelos
1243 2988 1337 3053 ramis

320 3173 569 3240 mmmm

268 3344 468 3412 lpersentibus
487 3345 515 3398 P
614 3345 723 3399 rectulit
744 3345 794 3400 VO
826 3345 922 3399 retulit
944 3345 1101 3401 WMeuP²b
1207 3344 1336 3398 4multi·

1300 3429 1314 3458 d

217 3466 337 3520 tudinem
356 3466 423 3520 BV¹
458 3467 634 3521 multitudiue
653 3484 698 3536 por
717 3469 788 3537 (par-
808 3469 845 3535 R)
864 3470 988 3535 corunrd
1108 3469 1123 3522 5
1149 3431 1336 3521 uentilitibiri'e

220 3573 257 3627 W
351 3571 675 3642 lmagnitudineBVCd
696 3573 882 3641 magnitudoe
967 3571 1055 3626 subito
1069 3588 1148 3626 omn
1243 3569 1335 3624 Sflato

215 3657 242 3710 b¹
344 3657 524 3711 monstrareb
632 3659 777 3728 9impetu]
795 3658 913 3727 impulsu
932 3675 950 3711 a
1053 3659 1083 3712 11
1104 3657 1266 3726 abitoqued

214 3744 251 3811 et]
270 3743 317 3812 qui
335 3759 387 3798 uo:
405 3759 455 3799 orn.
475 3746 491 3814 β
587 3745 619 3797 12
633 3744 792 3812 simulagini
808 3747 851 3796 W:
870 3745 1019 3814 similagini
1031 3745 1089 3799 rell.
1187 3744 1219 3796 13
1231 3742 1334 3812 magni·

190 3816 340 3898 'temnere
436 3831 468 3883 15
485 3829 650 3898 tiquensisb
745 3830 850 3885 dextera
868 3831 947 3884 Mub¹
1044 3831 1075 3884 16
1093 3830 1208 3883 alterum
1219 3829 1333 3898 migrate

213 3916 287 3970 deest
303 3916 334 3969 in
352 3917 379 3969 P
480 3916 615 3983 conspexit
633 3933 672 3970 ue
775 3917 806 3970 17
825 3920 905 3984 atque
923 3915 1041 3985 turbato]
1060 3932 1090 3969 ac
1107 3914 1265 3983 turbatasd

213 4001 412 4069 sulphuruesV
504 4005 630 4070 ceperunt
651 4004 711 4058 Vo¹
808 4004 838 4056 18
856 4002 1066 4056 ascendebantur
1084 4003 1112 4055 P
1206 4003 1238 4055 19
1258 4017 1331 4071 peue-

212 4089 302 4156 tralio]
329 4088 368 4142 sic
396 4089 463 4142 BV:
500 4089 644 4156 penetralia
670 4091 730 4146 rell.
833 4089 865 4142 23
892 4089 1009 4142 hostium
1036 4087 1100 4143 WR
1202 4088 1332 4142 abscondo

212 4175 239 4226 te
256 4175 383 4242 pusillum
407 4176 602 4243 aliquantulum
627 4195 644 4227 α
667 4182 738 4230 recte
757 4171 947 4244 (ἀποκρύβηθι
963 4173 1065 4248 μικρὸν
1084 4171 1151 4228 ὅσον
1169 4171 1258 4242 duom:
1285 4173 1331 4228 ab·

211 4259 305 4313 econde
317 4262 344 4312 te
357 4262 456 4328 pusillo
474 4262 512 4315 W
534 4262 689 4316 abscondere
703 4263 899 4331 aliquantulum
919 4264 951 4330 {in
1045 4261 1079 4314 24
1096 4262 1261 4329 pertranseat
1279 4277 1297 4312 u
