3112 4824
628 397 715 453 libor
734 395 787 460 111,
814 395 923 452 etl-ta
1271 398 1333 464 103
1422 460 1423 464 ,

219 590 392 670 tisoumqne
414 586 572 652 delinieris
594 587 759 668 obsequiis,
780 585 829 650 illi
851 585 936 652 aliud
950 584 1091 650 nesciunt
1112 584 1173 649 nisi
1195 583 1332 649 inuidere

218 691 378 758 Romanis.
408 689 449 754 nt
471 692 623 772 quantum
646 689 685 752 ad
708 706 814 753 eorum
835 687 955 752 adtinet
978 688 1181 765 uoluntatem,
1209 705 1331 768 semper

218 794 347 876 cupiunt
369 793 565 874 splendorem
588 794 619 855 et
640 809 738 873 genus
760 790 893 856 Romani
921 789 1055 855 nominis
1084 790 1246 871 nebulare;
1276 808 1332 854 nec

218 896 318 961 ullum
345 896 554 960 Romanorum
580 895 706 959 omnino
735 894 908 959 desiderant
936 894 1056 972 uiuere,
1090 895 1121 958 ot
1154 892 1207 956 ubi
1234 890 1334 957 adhuc

197 1001 384 1063 rnosonntur
416 1015 543 1079 parcere
576 996 758 1083 subiectis„
782 995 822 1060 ad
855 998 1004 1060 utendum
1037 995 1174 1061 seruitiis
1206 998 1332 1063 illorum

217 1102 364 1182 paronnt;
403 1118 477 1165 narn
508 1098 632 1163 nullum
665 1098 840 1163 dilexerunt
872 1097 1037 1178 aliquando
1070 1098 1254 1164 Romanurn.
1299 1099 1332 1166 Si
1343 1095 1385 1162 63

218 1201 375 1284 disputare
396 1202 553 1266 nitebatur
575 1204 612 1266 de
633 1202 694 1267 fide
716 1200 875 1266 nobiscum
898 1198 1032 1265 barbara
1053 1199 1198 1267 ferocitas
1220 1205 1252 1267 et
1277 1203 1332 1268 he·

217 1304 292 1371 rosis
314 1304 447 1370 Arriana
472 1304 704 1370 rationabiliter
734 1305 910 1386 disputaret
938 1305 1053 1369 -sed
1082 1308 1202 1387 qnando
1230 1307 1333 1372 tenuit

217 1406 378 1486 rationem,
407 1425 485 1488 quae
507 1425 526 1470 a
548 1410 636 1489 patre
659 1407 715 1472 deo
736 1408 828 1472 doorn
850 1406 951 1470 filium
972 1409 1097 1489 separat
1123 1407 1334 1474 saluatorem?

185 1533 260 1572 1o-·-
282 1527 376 1591 quare
397 1509 477 1574 dolis
500 1513 531 1574 et
554 1507 718 1574 calumniis
741 1510 880 1592 egerunt,
904 1528 921 1573 e
957 1509 1045 1573 uelut
1066 1509 1193 1591 spiritus
1215 1510 1333 1592 tempe-

219 1612 308 1676 statis
322 1611 458 1692 procella
470 1611 519 1676 sni
534 1611 647 1676 furoris
659 1612 759 1677 totum
775 1611 954 1676 subuertere
969 1609 1158 1677 noluerunt?
1180 1611 1212 1677 si
1228 1613 1333 1694 dispu-

219 1714 297 1779 tatio
309 1714 482 1778 necossaria
496 1712 598 1778 fuerat
613 1712 805 1798 episcopalis,
822 1732 916 1796 quare
932 1715 1106 1795 suspendia,
1123 1732 1218 1796 quare
1234 1715 1331 1798 ignes,

218 1835 312 1897 quare
335 1816 469 1900 ungulae
490 1817 583 1881 simul
604 1818 635 1881 et
657 1819 785 1882 eruces?
815 1834 909 1898 quare
930 1817 1133 1883 Arrianorum
1155 1818 1334 1900 serpentina

217 1921 317 2001 proles
330 1922 437 1984 contra
449 1920 626 1985 innocentes
637 1937 750 2002 genera
764 1918 843 1984 talia
854 1922 1079 1986 tormentorum
1089 1920 1218 1995 inuenit,
1230 1921 1334 2002 qualia

184 2040 273 2087 nnec
298 2022 556 2104 ipseMenentins
580 2021 767 2104 exquisinit?
797 2022 969 2087 Dimioauit
996 2025 1103 2087 contra
1124 2023 1332 2087 innocentiam

219 2125 372 2204 cupiditas
395 2124 508 2188 furoris
531 2127 564 2188 et
585 2124 719 2190 auaritia
734 2124 936 2200 crudelitatis,
959 2127 994 2189 nt
1010 2127 1041 2189 et
1056 2125 1175 2189 animas
1191 2126 1334 2206 perderet

219 2229 249 2287 et
265 2225 486 2290 substantiam
515 2230 686 2308 arpagaret.
733 2226 766 2290 Si
792 2228 925 2292 conlatio
954 2227 1207 2305 desiderabatur,
1240 2245 1333 2308 quare

218 2328 343 2407 rapinas
357 2346 461 2391 rernm
477 2327 650 2392 alienarum
665 2346 726 2392 non
741 2331 864 2393 tantum
880 2329 1084 2407 sacerdotum,
1107 2349 1213 2393 uerum
1238 2329 1332 2395 etiarn

219 2430 357 2493 omnium
380 2429 550 2494 laicorum?
583 2429 641 2496 Sed
663 2429 712 2494 illi
735 2430 880 2511 expoliati
902 2431 1010 2494 laetati
1032 2431 1113 2508 sunt,
1139 2431 1170 2495 et
1190 2432 1331 2512 rapinam

183 2550 321 2595 sororum
343 2549 470 2595 suarum
492 2549 562 2596 cum
584 2531 695 2613 gaudio
718 2536 927 2614 susceperunt.

261 2668 312 2751 (V,
328 2670 379 2750 19)
401 2670 495 2734 Adsit
510 2671 573 2735 iam
589 2688 699 2753 quaeso
718 2672 818 2735 ornnis
834 2672 930 2756 aetas,
949 2671 1050 2737 omnis
1066 2691 1154 2737 serus
1170 2672 1332 2756 omnisque
1342 2672 1384 2738 64

219 2773 369 2849 condicio;
398 2774 481 2838 adsit
507 2773 630 2838 obsecro
657 2775 757 2838 omnis
786 2774 877 2839 turba
907 2773 1050 2840 catholici
1077 2764 1226 2856 nominis,
1256 2793 1333 2858 quae

218 2877 364 2958 gremio
389 2879 564 2941 materno
579 2878 645 2941 toto
666 2876 740 2943 orbe
763 2878 961 2959 gestatur,
986 2878 1058 2959 quia
1073 2879 1333 2962 solagermanum

219 2979 411 3043 commodare
433 2978 521 3044 nouit
543 2979 709 3058 adfectum,
732 2999 809 3062 quae
831 2980 941 3045 didicit
963 2981 1097 3046 aPaulo
1124 2983 1272 3065 magistro
1295 2981 1333 3057 et

183 3082 488 3165 osgaudentibns
511 3082 731 3148 conlaetari
753 3086 791 3148 et
814 3101 896 3148 oum
925 3083 1155 3167 lugentibus
1183 3085 1333 3149 lamen·

319 3298 557 3369 sarranates,
576 3303 601 3356 3.
703 3303 738 3356 24
754 3303 829 3355 Rom.
849 3303 889 3370 12,
908 3303 948 3357 15.

267 3503 285 3557 4
302 3503 408 3558 omnino
427 3521 592 3558 romanorum
610 3522 628 3559 a
730 3506 746 3559 5
764 3521 868 3574 parcere
886 3503 1024 3574 subiectis]
1043 3507 1078 3574 of.
1100 3507 1175 3577 Vero.
1193 3507 1263 3560 Aca.
1285 3507 1332 3572 Vr,

216 3591 271 3643 853
373 3588 524 3657 dparcunt
546 3607 594 3644 om.
618 3590 743 3657 BoWL
842 3607 1009 3646 romanorum
1030 3594 1068 3648 W
1168 3592 1333 3646 llerotitas

220 3675 258 3731 W
358 3675 505 3729 8arriana
531 3691 627 3744 orac
730 3675 929 3732 racionobiliter
957 3678 985 3731 P
1084 3679 1202 3749 idquae]
1229 3677 1333 3748 quando

216 3760 302 3816 PRF
377 3760 410 3812 10
444 3762 542 3829 gerunt
560 3762 607 3830 βΓ
680 3762 793 3816 uelrdt
892 3763 922 3816 11
942 3762 1041 3816 furoris
1059 3763 1141 3832 suicp
1239 3764 1275 3816 12
1291 3762 1334 3817 fu-

217 3846 269 3900 erit
286 3846 314 3899 P
337 3844 424 3899 fuito
524 3846 659 3901 laesuris
679 3847 744 3902 BV¹
763 3847 887 3914 (Seleucia
906 3847 931 3913 I,
944 3850 1010 3915 247)
1110 3849 1140 3903 15
1159 3849 1334 3918 meaienoil-ti

216 3933 286 3999 Rbus
305 3932 359 3986 PR
455 3931 488 3985 16
505 3931 601 3984 furoris
614 3931 777 4003 cupiditasd
871 3933 1013 3987 crudelitas
1026 3935 1087 3988 P'
1144 3936 1216 3988 etnt
1231 3935 1270 3990 W

636 4018 644 4046 t

217 4051 368 4121 animamd
463 4051 495 4104 17
514 4017 655 4122 diffiditis
673 4069 692 4106 c
717 4055 878 4124 arriperetd
973 4057 1006 4111 18
1023 4057 1140 4126 tantum]
1156 4060 1214 4111 tum
1230 4059 1267 4113 W
1321 4123 1329 4127 ,Ἴ

218 4135 249 4188 19
267 4137 384 4189 omniurn
402 4151 452 4190 ora.
469 4137 517 4191 Ma
627 4138 659 4192 21
678 4139 799 4210 iamlorrc
819 4157 838 4194 a
948 4142 981 4196 23
1002 4145 1111 4211 paterno
1132 4144 1185 4212 Wd
1288 4144 1334 4213 qui

220 4219 258 4274 W
350 4222 435 4276 solum
452 4225 481 4276 α’
583 4222 617 4278 24
633 4240 649 4277 a
667 4240 716 4282 om.
735 4241 753 4278 o
855 4225 889 4281 25
906 4226 1052 4281 amouere
1069 4228 1181 4284 Bran
1199 4230 1334 4298 (Bocasct

217 4307 283 4372 298)
312 4306 455 4362 lamentari
473 4309 531 4363 rell.
