3112 4824
635 313 723 368 liber
740 313 778 379 11,
805 313 914 368 36-40.
1292 314 1335 381 39

261 502 336 572 ‘Rex
357 506 489 571 Huuirix
510 505 741 571 Uuandalorum
764 508 794 569 et
817 505 989 568 Alanorum
1011 503 1165 568 uniuersis
1188 505 1386 588 episcopis39

220 609 416 674 omousianis.
453 607 523 673 Non
554 608 650 672 semel
680 607 734 671 sed
756 606 879 689 saepius
902 607 1025 671 constat
1048 625 1113 672 esee
1135 606 1333 690 prohibitum,

219 715 255 775 ut
276 710 310 774 in
324 711 457 776 sortibus
471 709 705 775 Uuandalorum
720 710 892 775 sacerdotes
908 708 1006 774 uestri
1025 713 1193 773 conuentus
1207 709 1334 774 minimo

220 813 419 890 celebrarent,
443 831 481 876 no
504 830 560 877 sua
583 812 760 878 seductione
775 813 891 877 animas
906 810 1123 876 subuerterent
1136 809 1335 878 Christianos.

197 916 317 997 siluam
340 933 406 980 rem
429 914 607 998 spernentes
628 913 755 998 plurimi
777 915 893 996 reperti
915 915 989 979 sunt
1005 917 1111 978 contra
1132 914 1335 979 interdictum

218 1018 328 1083 missas
350 1018 383 1081 in
404 1015 539 1081 sortibus
557 1015 787 1082 Unandalorum
803 1018 910 1100 egisse,
934 1018 1105 1082 asserentes
1127 1035 1160 1081 se
1180 1017 1334 1099 integram

218 1120 357 1203 regulam
380 1118 575 1185 Christianae
595 1120 667 1185 fidei
688 1124 799 1186 tenere.
828 1121 869 1184 Et
891 1120 963 1202 quia
990 1121 1024 1185 in
1048 1119 1214 1202 prouinciis
1238 1138 1256 1183 a
1278 1122 1333 1185 deo

218 1222 308 1287 nobis
337 1222 489 1288 concessis
517 1221 698 1287 scandalum
720 1241 787 1288 esse
809 1222 971 1301 nolumus,
999 1222 1128 1303 ideoque
1156 1222 1206 1286 dei
1227 1221 1333 1304 proui-

219 1326 323 1390 dentia
350 1344 420 1391 cum
450 1342 598 1391 consensu
626 1327 804 1390 sauctorum
832 1327 1043 1408 episcoporum
1071 1324 1246 1388 nostrorum
1276 1323 1334 1388 hoc

185 1451 211 1490 ιο
218 1446 274 1492 nos
297 1427 445 1492 statuisse
468 1427 649 1509 cognoscite,
672 1430 707 1491 ut
721 1430 760 1493 ad
775 1428 857 1493 mem
872 1427 1082 1492 Kalendarum
1098 1426 1335 1492 Februariarum

218 1530 354 1611 proxime
376 1530 551 1595 futurarum
574 1531 688 1595 amissa
709 1531 794 1595 omni
816 1530 1010 1595 excusatione
1031 1530 1206 1596 formidinis
1228 1547 1334 1593 omnes

219 1633 407 1717 Carthagine
428 1633 571 1712 uoniatis,
594 1637 629 1698 ut
652 1634 689 1698 de
711 1632 830 1699 ratione
851 1633 925 1697 fidei
948 1652 1019 1698 cum
1040 1633 1153 1697 nostris
1171 1631 1335 1696 uenerabi-

218 1738 299 1802 libus
315 1737 461 1818 episcopis
477 1737 602 1818 possitis
617 1736 696 1801 inire
712 1736 897 1814 conflictum,
911 1738 942 1799 et
956 1734 992 1800 de
1003 1734 1064 1800 fide
1076 1735 1334 1812 omousianorum,

219 1857 310 1921 quam
332 1838 508 1917 defenditis,
531 1840 569 1904 de
593 1839 707 1904 diuinis
729 1838 891 1921 scripturis
914 1838 1034 1920 proprie
1058 1839 1242 1919 adprobetis,
1276 1856 1336 1920 quc

185 1942 314 2024 repossit
337 1943 472 2024 agnosci,
496 1944 522 2008 si
544 1943 698 2027 integram
718 1943 811 2008 fidem
834 1943 977 2008 teneatis.
999 1941 1100 2006 Huius
1116 1945 1221 2007 autem
1243 1940 1336 2005 edicti

220 2051 356 2109 tenorem
389 2045 544 2109 uniuersis
579 2044 766 2128 coepiscopis
798 2047 862 2110 tuis
895 2065 950 2128 per
982 2045 1161 2112 uniuersam
1195 2043 1335 2108 Africam

221 2146 399 2211 constitutis
433 2147 607 2212 direximus.
642 2149 725 2213 Data
758 2151 814 2214 sub
846 2148 896 2214 die
928 2167 993 2213 xm
1015 2147 1086 2214 Kal.
1115 2146 1221 2212 Iunias
1255 2163 1361 2209 annos.
1376 2169 1416 2210 ea

219 2251 350 2330 septimo
374 2241 536 2315 Hunirici³.

263 2367 319 2447 (II,
337 2371 389 2449 14)
409 2368 632 2452 Cognoscentes
650 2369 747 2452 igitur
762 2372 813 2452 qui
829 2373 988 2435 aderamus
1011 2370 1164 2451 simulque
1186 2369 1387 2453 legentes,40

183 2472 441 2535 acontritum
464 2476 520 2535 est
543 2472 695 2553 extemplo
718 2489 783 2535 cor
805 2475 981 2538 nostrum
1002 2474 1034 2537 et
1063 2470 1335 2536 contenebrati

218 2575 309 2636 sunt
337 2574 443 2638 oculi
470 2574 612 2653 nostri,
641 2574 672 2638 et
699 2593 772 2638 uere
794 2577 868 2639 tunc
891 2575 955 2638 dies
979 2573 1051 2639 festi
1074 2576 1172 2639 nostri
1194 2572 1334 2638 conuersi

217 2678 344 2740 suntin
367 2678 487 2741 luctum
511 2677 543 2740 et
566 2678 688 2741 cantica
710 2677 743 2740 in
765 2677 1029 2756 lamentationem,
1046 2677 1121 2741 dum
1137 2676 1230 2741 edicti
1245 2679 1335 2740 tenor

218 2777 369 2843 indicaret
391 2780 514 2843 suturae
537 2780 759 2862 persecutionis
781 2780 927 2860 furorem,
944 2782 976 2846 et
990 2779 1171 2862 praesertim
1185 2779 1240 2844 ubi
1255 2778 1333 2843 dixit

214 2875 259 2943 ‘in
288 2883 456 2962 prouinciis
487 2885 601 2947 nostris
630 2902 648 2946 a
677 2883 733 2948 deo
763 2884 851 2948 nobis
879 2883 1033 2949 concessis
1061 2883 1238 2947 scandalum
1267 2897 1333 2945 esse

316 3051 350 3104 20
376 3051 576 3116 Thren.5,17.

267 3207 282 3257 1
301 3204 425 3258 hunirich
443 3206 480 3260 M
482 3221 495 3259 e
522 3206 662 3260 hunericus
680 3223 699 3260 a
726 3207 843 3261 uniricus
864 3207 929 3263 WP
954 3208 1128 3262 honoricusb
1225 3209 1242 3260 2
1260 3223 1334 3260 omn-

217 3290 300 3344 sianis
326 3290 470 3345 BVOM¹c
504 3291 684 3345 homousianis
713 3291 760 3346 Pa
869 3293 956 3347 4nec
974 3293 1029 3348 PR
1139 3293 1276 3347 sedatione
1297 3293 1336 3347 W

216 3375 380 3446 seditiones}
486 3375 573 3443 bqua
592 3377 619 3430 P
720 3378 840 3448 plurimi]
858 3380 925 3447 plur.
943 3381 1048 3447 nuncii
1150 3377 1277 3446 degisse]
1296 3375 1335 3429 fa-

215 3462 300 3528 cered
398 3461 519 3528 iregula
530 3461 672 3515 cristianae
689 3463 727 3516 W
820 3464 1036 3519 8ncluimust
1129 3464 1187 3518 idco
1203 3463 1267 3519 coe²

216 3546 393 3614 prouidentia]
418 3547 554 3614 prouincia
576 3548 615 3601 W
717 3551 733 3602 9
757 3565 815 3604 cum
834 3552 969 3621 consensu]
989 3567 1049 3606 cum
1067 3567 1144 3606 sensu
1166 3551 1192 3605 V
1207 3556 1231 3605 et
1252 3551 1285 3605 0¹
1303 3558 1336 3605 aa

203 3631 413 3686 >aid.consensu
429 3631 510 3685 c²Ma
605 3633 638 3686 10
655 3635 837 3690 ianuariarum
855 3637 897 3690 Pb
988 3639 1021 3690 11
1040 3636 1137 3691 omissa
1154 3655 1173 3691 a
1258 3653 1336 3690 omne

215 3716 272 3770 BV
289 3717 411 3784 (11130)
515 3717 547 3770 12
565 3721 727 3789 cartaginem
746 3722 784 3775 Μ
807 3722 987 3792 carthaginem
1009 3724 1093 3780 Wsub
1195 3724 1229 3777 13
1246 3722 1334 3778 inhire

216 3802 231 3854 b
328 3802 485 3857 condrictum
508 3802 534 3855 V
628 3807 842 3862 umousianoruru
860 3809 934 3863 BVa
959 3811 1157 3864 omusianorum
1179 3811 1202 3865 0
1226 3809 1333 3866 homou-

216 3889 350 3943 sianorum
369 3889 412 3944 Pb
515 3891 548 3944 14
565 3891 597 3944 de
614 3905 662 3946 om.
686 3892 725 3945 W
818 3895 929 3966 diuinis]
948 3896 1095 3962 diuersisli
1197 3897 1229 3951 15
1245 3900 1336 3966 posset

216 3975 271 4030 Mb
376 3977 408 4030 16
435 3977 565 4046 episcopis
592 3977 655 4032 cW
751 3981 807 4034 tuis
833 3997 881 4038 cm.
912 3983 950 4036 W
1056 3983 1087 4036 17
1114 3983 1189 4038 Iunii
1215 3984 1267 4037 Me

216 4062 250 4114 18
267 4061 391 4115 hunurici
409 4061 467 4116 BV
489 4063 587 4116 unirici
604 4064 642 4117 W
663 4063 783 4118 hunerici
800 4066 867 4119 Mae
892 4067 1046 4138 hunericib
1145 4069 1178 4124 19
1196 4067 1336 4123 adoramus

220 4149 246 4203 V
345 4148 381 4202 20
397 4151 515 4218 exemplo
536 4151 596 4206 1⁷0²
624 4149 749 4218 extimplo
771 4151 852 4206 0¹Ma
954 4153 988 4207 22
1005 4153 1197 4211 lamentatione
1214 4156 1267 4212 PR

216 4234 250 4287 24
267 4236 367 4289 nostris
384 4252 432 4290 oon.
461 4237 514 4305 Wd
615 4236 692 4290 nobis
710 4252 726 4290 a
743 4236 790 4290 deo
814 4239 864 4308 Wd
