3112 4824
366 260 408 327 80
757 260 911 316 Uictoris
935 261 1090 317 Uitcnsis

365 447 507 526 Hunirir‚
531 448 606 514 licet
630 449 731 515 doleat
753 453 834 533 quod
857 450 984 517 fueritis
1006 452 1233 533 contemptores
1254 451 1285 516 et
1305 449 1412 517 adhue
1426 448 1488 515 ains

364 551 520 617 uoluntati
543 551 684 617 oboedire
706 554 849 632 tardetis,
872 556 908 618 nt
931 554 998 619 eius
1020 554 1200 620 efficiamini
1223 552 1381 638 religionis
1404 552 1489 619 onius

365 659 412 719 ost
433 654 509 736 ipse,
532 673 613 720 nunc
635 662 742 721 tameo
763 657 878 721 bonum
903 658 1049 723 danobis
1072 659 1234 742 cogitauit:
1261 656 1290 721 si
1311 655 1489 722 iurauorttis

364 757 417 834 ita,
440 759 477 822 nt
498 760 578 842 quod
600 759 660 825 ista
680 764 768 824 carta
790 762 932 825 continet
954 760 1090 840 iacietis,
1120 760 1253 826 dimittit
1273 777 1329 825 uos
1352 759 1490 825 ecclesiis

364 862 396 924 et
417 860 560 926 domibus
583 864 716 928 uestris.³
755 864 804 929 Ad
828 864 909 945 quod
932 866 1067 929 uniuersi
1096 864 1228 946 episcopi
1252 862 1518 945 responderuntrs

364 964 492 1047 ‘semper
509 965 643 1031 dicimus
659 971 691 1031 et
706 966 840 1031 diximus
857 971 889 1031 et
905 966 1022 1032 dicturi
1036 986 1163 1032 sumus:
1185 965 1354 1032 Christiani
1371 982 1489 1047 sumus,

363 1069 496 1150 episcopi
519 1087 638 1147 sumne,
672 1068 876 1153 apostolicam
904 1070 1000 1135 fidem
1027 1088 1122 1135 unam
1146 1074 1177 1136 et
1197 1087 1305 1135 ueram
1325 1056 1489 1133 tenemua’

314 1171 517 1255 18Factoque
550 1176 623 1255 post
656 1173 878 1239 confessionem
913 1173 987 1238 fldei
1016 1173 1144 1239 silentio
1171 1173 1292 1238 modico
1313 1170 1373 1249 1111,
1395 1170 1490 1253 qnia

361 1292 433 1358 rege
455 1274 581 1341 fuerant
602 1275 760 1349 destinati,
794 1276 988 1342 festinabant
1016 1278 1195 1358 extorquere
1217 1275 1363 1358 episcopis
1384 1289 1489 1339 saon*

361 1380 514 1443 mentum.
548 1378 636 1444 Tunc
657 1378 742 1446 beati
764 1380 826 1444 uiri
847 1381 1043 1445 Hortulanus
1065 1383 1096 1444 et
1118 1378 1334 1446 Florentinum
1355 1374 1520 1461 episcopio

362 1498 416 1563 pro
439 1481 583 1547 omnibus
607 1483 726 1548 etcum
749 1484 894 1549 omnibus
912 1484 1073 1549 dixerunt:
1095 1476 1256 1564 ‘numquid
1272 1478 1514 1555 animaliores

362 1583 597 1649 inrationabilia
618 1604 735 1662 sumus,
759 1588 796 1651 nt
810 1586 996 1669 nescientes,
1020 1586 1094 1669 quid
1110 1587 1196 1651 carta
1218 1584 1382 1662 contineat,
1397 1580 1490 1649 facile

362 1690 418 1750 aut
439 1691 554 1752 temere
575 1688 715 1753 iuremus
722 1680 748 1753 i'
771 1689 1036 1755 Adcelerauerunt
1063 1705 1184 1772 qnoque
1207 1688 1257 1753 illi
1278 1686 1317 1751 ab
1338 1704 1413 1769 rege
1434 1686 1489 1753 dc·

363 1790 472 1855 stinati
504 1790 677 1871 scripturae
706 1792 750 1855 eis
772 1792 933 1874 propalare
959 1793 1110 1864 tenorem,
1143 1792 1195 1875 qui
1223 1788 1401 1855 huiusmodi
1423 1806 1488 1855 sor·

313 1894 353 1959 19
363 1891 507 1957 monibus
519 1892 621 1958 fuerat
636 1894 800 1960 coloratus.
820 1894 872 1959 Sic
884 1895 968 1961 enim
982 1896 1174 1960 calumniosa
1184 1895 1280 1959 series
1291 1890 1488 1958 continebat:
1497 1908 1523 1953 ιι

361 1988 473 2061 ‘innato
495 1995 524 2060 si
547 1997 618 2079 poet
639 1995 761 2062 obitum
784 1999 890 2062 domui
913 1999 1013 2064 nostri
1036 1998 1119 2082 regis
1141 1996 1208 2063 eius
1230 1996 1334 2061 filium
1355 1992 1490 2059 Hiidirit

362 2097 545 2164 desideratis
569 2118 635 2165 esse
659 2119 772 2183 regem,
795 2103 847 2166 uel
862 2102 888 2165 si
903 2102 1009 2166 nullus
1025 2104 1163 2165 uocem
1178 2100 1218 2164 ad
1233 2100 1372 2182 regiones
1386 2100 1490 2163 trans·

361 2203 497 2267 merinas
520 2202 672 2285 epistulas
696 2204 829 2288 diriget;
852 2204 976 2287 quiesi
999 2204 1229 2269 sacramentnm
1251 2202 1343 2266 huius
1365 2201 1412 2266 rei
1435 2200 1489 2265 de·

362 2304 479 2387 deritis,
502 2307 646 2371 restituet
668 2326 723 2372 uos
739 2308 875 2373 ecclesiis
898 2297 1032 2372 uestris'.
1056 2306 1214 2391 cogitauit
1229 2309 1303 2370 tunc
1316 2304 1490 2369 multorum

360 2407 412 2488 pia
445 2408 631 2491 simplicitas
664 2411 763 2477 etiam
795 2412 906 2475 contra
938 2409 1178 2492 prohibitionem
1212 2409 1350 2473 diuinam
1384 2424 1524 2473 soom

362 2515 504 2575 mentum
527 2512 610 2590 dare,
634 2533 672 2577 ne
694 2513 744 2578 dei
767 2513 899 2595 populus
921 2514 1138 2596 inposterum
1160 2512 1287 2587 diceret,
1310 2513 1391 2592 quod
1409 2508 1489 2575 uitio

362 2613 565 2690 sacerdotum,
596 2618 648 2697 qui
670 2617 774 2680 iurare
797 2618 972 2691 noluerunt,
1000 2636 1060 2681 non
1083 2616 1202 2681 fuerint
1224 2612 1370 2680 eeclesiae
1394 2611 1490 2677 resti·

362 2716 459 2778 tutae.
481 2715 546 2780 Alii
563 2735 683 2800 quoque
704 2719 869 2784 astutiores
892 2720 1026 2802 episcopi
1049 2720 1218 2784 sentientes
1240 2716 1346 2781 dolum
1367 2714 1488 2783 fraudis

415 3023 427 3075 1
448 3021 561 3077 honirex
578 3024 605 3077 P
631 3023 775 3079 ironorixb
801 3025 942 3081 hunirious
964 3027 1003 3082 W
1027 3025 1169 3079 hunericus
1186 3024 1267 3078 MoL
1352 3024 1379 3076 et
1397 3020 1486 3076 adhue

365 3109 489 3164 Wo²oL:
520 3111 551 3163 ot
577 3110 662 3166 adhuc
686 3112 745 3167 rell.
856 3113 873 3167 2
899 3130 952 3166 non
978 3114 1090 3167 tardetis
1121 3113 1171 3183 Odi
1274 3113 1306 3165 ot
1336 3110 1429 3166 Wo²o:
1460 3110 1488 3163 ot

361 3194 423 3249 rell.
526 3194 651 3249 efficiami
673 3197 700 3252 V
723 3197 875 3251 efficiamini
894 3198 950 3251 eius
969 3215 987 3251 o
1097 3198 1114 3251 3
1137 3197 1169 3251 de
1186 3197 1264 3250 nobis
1280 3195 1382 3250 bonnm
1401 3196 1418 3265 β

361 3281 488 3334 dcharta
501 3280 529 3334 P
550 3281 675 3336 carthab
761 3283 882 3338 dimittet
897 3285 972 3353 Wod
1067 3283 1245 3352 ietunamd
1341 3280 1486 3334 8iactum-

362 3382 411 3434 que
423 3370 464 3419 est
477 3370 509 3419 ut
521 3368 582 3434 post
599 3368 616 3435 β
722 3369 755 3423 10
772 3369 927 3424 hortolanus
943 3369 1055 3426 WoPR
1081 3369 1219 3422 ortolanns
1238 3368 1253 3421 b
1338 3364 1485 3420 florentini-

362 3466 428 3504 anus
455 3449 510 3504 BL
544 3450 742 3506 florintinianus
768 3472 787 3507 a
898 3455 930 3508 12
957 3471 1049 3508 sumus
1075 3454 1222 3508 nescientes
1245 3455 1277 3506 ut
1299 3452 1369 3522 quod
1392 3452 1487 3506 charta

363 3536 534 3606 (carthab)d
638 3538 671 3591 13
688 3538 769 3592 anob
872 3540 906 3594 ab
923 3540 993 3595 coni.
1011 3540 1159 3594 Halmius:
1184 3538 1217 3593 ad
1234 3538 1302 3592 ΒΨ
1324 3554 1342 3591 a
1357 3538 1416 3593 reid,

364 3620 395 3672 14
407 3620 570 3675 sermonibus
583 3621 656 3675 Gbee
732 3624 765 3676 15
779 3624 909 3695 coloratos
925 3624 982 3679 1⁷0¹
1001 3625 1133 3679 coloratus
1149 3627 1187 3682 W
1203 3624 1333 3679 colatusb
1409 3623 1486 3678 siries

363 3705 390 3756 P
416 3722 492 3760 senes
508 3707 544 3761 Μ
646 3709 678 3761 16
696 3709 728 3778 si]
748 3710 818 3777 quod
839 3711 901 3765 Wo²
996 3711 1086 3764 domni
1104 3712 1144 3766 B:
1164 3712 1265 3766 domini
1283 3711 1342 3766 rell.
1438 3726 1485 3765 eus

363 3791 377 3843 b
472 3791 583 3847 hilderit
606 3793 659 3866 Wd
685 3793 805 3862 hylderit
823 3813 841 3849 a
945 3798 976 3851 11
997 3797 1133 3866 regionem
1153 3797 1208 3853 PR
1310 3796 1344 3850 18
1361 3793 1486 3864 epistulis

363 3909 428 3962 noo
522 3911 624 3981 noegeo
645 3913 774 3984 V²0Meo
869 3890 957 3985 quie
976 3918 1003 3972 e
1028 3918 1117 3987 quisi
1137 3918 1192 3988 uc
1286 3918 1309 3971 e
1326 3916 1420 3973 eoo

362 3993 420 4060 regi
437 3995 474 4047 W
574 3998 607 4051 19
625 4003 724 4053 aestuet
745 4002 783 4057 W
878 4001 913 4056 20
929 4003 1137 4071 prohiuitionem
1155 4004 1222 4057 ΒΨ
1326 4002 1357 4057 21
1375 4002 1486 4071 populos

362 4095 397 4216 ἐξ
412 4081 571 4218 populus?
666 4083 749 4138 dicere
767 4086 834 4140 ΒΨ
861 4087 947 4142 dicere
969 4089 1005 4143 Ψ
1023 4089 1067 4158 (eo
1084 4090 1201 4143 dicerent
1210 4090 1234 4156 1)
1326 4088 1399 4143 critiri
1416 4088 1456 4145 W

426 4179 509 4216 neruo
