3112 4824
286 1215 450 1331 Incipiunt
491 1249 616 1315 uomina
655 1249 865 1330 episcoporum
907 1248 1129 1315 catholicorum
1172 1249 1381 1325 diuersarum¹

242 1352 483 1434 prouinciarum,
506 1351 559 1435 qui
576 1350 762 1435 Carthagine
780 1371 815 1415 ex
829 1352 990 1434 praerepto
1013 1353 1112 1434 regali
1133 1354 1285 1418 nonerunt
1306 1372 1361 1436 pru

243 1455 399 1519 reddenda
431 1455 549 1521 ratione
581 1454 651 1519 fidei
685 1455 735 1519 die
760 1455 806 1518 n'i
835 1454 1017 1519 Februarias
1049 1472 1130 1519 enno
1163 1455 1247 1521 sente
1280 1456 1360 1540 regie

245 1555 404 1622 Huneriei.

287 1709 421 1775 Nomina
454 1712 665 1792 episcoporum
697 1709 872 1793 prouinciae
905 1711 1133 1792 proconsularis
1166 1714 1217 1779 uel
1247 1715 1301 1797 qui
1329 1717 1362 1781 in

243 1811 371 1879 exilium
394 1813 481 1878 missi
503 1817 584 1879 sunt.

410 1953 426 2015 1
445 1950 603 2036 Eugenius
624 1949 885 2036 Carthaginiensis
903 1951 1091 2018 Tamalleni.

443 2054 531 2118 Felix
553 2055 751 2121 Aboritanus.
785 2052 922 2120 exilium.

446 2158 563 2222 Paulus
587 2157 789 2224 Sinuareneis.
824 2155 963 2225 erilium.

445 2259 532 2324 Felix
553 2257 675 2326 Piensie
697 2259 826 2325 uorsiea
861 2257 930 2324 enil

408 2359 604 2426 5Mariauus
627 2359 873 2442 Hippnariteneie
900 2359 936 2422 ut
959 2359 1004 2440 sni.

445 2463 610 2528 Paeeaeiue
633 2461 817 2528 Guneleusie
840 2464 876 2526 ut
898 2459 943 2543 ef).

447 2563 615 2631 Suetonius.
634 2564 793 2632 Uzaleneis
816 2565 853 2628 ut
875 2562 942 2644 eui).

447 2667 623 2733 Bonifatius
644 2667 916 2733 Membreeitauus.
951 2666 1016 2749 fug.

446 2768 581 2836 Gulosus
604 2768 847 2845 Beneuentensie
870 2767 983 2835 (lersii.

388 2872 428 2937 10
446 2873 620 2955 Reparatus
642 2874 873 2941 Utinrmireneie
894 2876 932 2939 ut
953 2871 997 2956 ef).

447 2976 623 3042 Pastinatua
645 2975 840 3058 Puppitanus
864 2978 899 3040 ut
921 2977 967 3059 eir.

445 3078 620 3161 Reparatne
642 3078 881 3161 Puppianensis.

447 3181 689 3246 Fortunatiauue
711 3181 910 3248 Araditanue.
943 3178 1053 3248 ceruit.

445 3281 641 3350 Deumhabet
662 3284 833 3350 Thelensie.
864 3281 997 3349 Corsiae.

388 3385 428 3449 15
446 3384 609 3450 Liberatus
632 3385 816 3450 Mullitanus
839 3385 874 3449 ut
896 3386 942 3465 ei.

292 3638 485 3710 prouintiarum
503 3640 531 3695 A
633 3639 1201 3710 sutoltmewoetau03cfll'tct.111,4
1303 3654 1362 3710 pro-

240 3726 341 3780 nintiae
363 3725 391 3782 A
495 3726 507 3780 l
532 3725 688 3796 Tamalleni]
712 3727 786 3781 tuuc
810 3726 897 3781 locum
921 3727 1013 3791 (turris
1031 3724 1178 3782 Tamalleni
1196 3725 1264 3783 Ilia.
1281 3725 1361 3792 Auta

241 3801 398 3869 Rauenna
414 3811 530 3880 neuim
547 3811 674 3877 confudit
691 3827 751 3866 eum
768 3812 881 3869 ciuitate
898 3807 1107 3867 Tamallumenei
1126 3812 1210 3878 (Vtet-
1227 3812 1283 3872 111
1285 3845 1295 3878 ‚-
1310 3814 1361 3891 4⁶1³?

240 3897 306 3951 Not.
324 3898 392 3967 Byr.
413 3899 476 3965 55).·
500 3899 534 3965 es.
552 3897 618 3952 Not.
634 3897 744 3968 Diqait.
763 3902 826 3954 sect.
846 3899 886 3966 L,
903 3898 950 3952 ubi
967 3897 1180 3968 detinerentur
1197 3897 1361 3972 praenuntius

239 3983 336 4037 limitis
360 3982 555 4037 Thamalleneis
579 3988 605 4038 et
627 3998 714 4052 praep,
738 3983 796 4038 lim.
820 3983 1056 4040 Thamallomeneis
1159 3983 1176 4037 2
1200 3983 1361 4041 tutunus

240 4069 311 4125 reat.
335 4069 437 4125 Eleia:
464 4068 618 4125 uberimus
639 4071 681 4138 Α;
710 4068 885 4124 Abaritanam
908 4068 1072 4138 prouinciam
1096 4069 1209 4136 ramus,
1235 4069 1362 4141 oppidum

239 4155 376 4210 auertant
476 4153 724 4225 5hipnarinteneie
750 4154 785 4212 H
884 4155 1103 4224 tgnnelmenaie
1121 4154 1155 4210 H
1255 4156 1362 4214 luza

239 4238 322 4294 laneis
338 4240 400 4299 ΑΗ
493 4239 755 4315 81nembreeitanue
771 4241 799 4296 A
901 4241 1106 4298 abenentensis
1124 4240 1158 4296 Η
1258 4241 1291 4296 10
1309 4242 1362 4320 uti·

239 4323 349 4379 mieneie
367 4327 402 4380 H
1132 4361 1134 4367 ·
1290 4359 1292 4366 ·
